{
  "products": [
    {
      "name": "Fresh Bistro čočková polévka",
      "brand": "Fresh Bistro",
      "product_url": "https://wolt.com/cs/cze/prague/venue/albert-vinohradska/fresh-bistro-cockova-polevka-itemid-64ca0b7cba162577de48973b",
      "image_url": "https://imageproxy.wolt.com/menu/menu-images/64ffec4406cca0140dfab831/bb8247fc-8ec7-11ee-896e-fedb83882cb3_27673799.jpg",
      "categories": [
        "UZENINY A LAHŮDKY",
        "HOTOVKY A PŘÍLOHY"
      ],
      "prices": [
        {
          "store_name": "Albert",
          "price": 56.9,
          "original_price": null,
          "unit_price": 142.25,
          "unit": "Kg",
          "package_size": "400 g",
          "condition": null
        }
      ],
      "description": null
    },
    {
      "name": "Rekord Vepřové výpečky staročeské",
      "brand": "Rekord",
      "product_url": "https://wolt.com/cs/cze/prague/venue/albert-vinohradska/rekord-veprove-vypecky-staroceske-itemid-657233256818b938df948672",
      "image_url": "https://imageproxy.wolt.com/menu/menu-images/64ffec4406cca0140dfab831/f8f4a9f8-8ebe-11ee-a8e6-963b628c98c7_27082218.jpg",
      "categories": [
        "TRVANLIVÉ",
        "KONZERVOVANÉ POTR."
      ],
      "prices": [
        {
          "store_name": "Albert",
          "price": 49.9,
          "original_price": null,
          "unit_price": 166.33,
          "unit": "Kg",
          "package_size": "300 g",
          "condition": null
        }
      ],
      "description": null
    },
    {
      "name": "Starbucks Caramel Macchiato kapsle",
      "brand": "Starbucks",
      "product_url": "https://wolt.com/cs/cze/prague/venue/albert-vinohradska/starbucks-caramel-macchiato-kapsle-itemid-657233256818b938df94817f",
      "image_url": "https://imageproxy.wolt.com/menu/menu-images/63ad795db242366d1f818f36/4b7cef64-1c04-11ef-b4bb-eaf6344dcbf3_27180464.jpg",
      "categories": [
        "NÁPOJE",
        "KÁVA A ČAJ"
      ],
      "prices": [
        {
          "store_name": "Albert",
          "price": 149.9,
          "original_price": null,
          "unit_price": 12.49,
          "unit": "ks",
          "package_size": "‪12‬ kusů",
          "condition": null
        }
      ],
      "description": null
    },
    {
      "name": "Madeta Balkánský sýr bez příchutě",
      "brand": "Madeta",
      "product_url": "https://wolt.com/cs/cze/prague/venue/albert-vinohradska/madeta-balkansky-syr-bez-prichute-itemid-64ca0b7cba162577de489523",
      "image_url": "https://imageproxy.wolt.com/menu/menu-images/64ffec4406cca0140dfab831/9e241b28-8eb7-11ee-9b9c-eadf6ce36c9d_25967272.jpg",
      "categories": [
        "MLÉČNÉ A CHLAZENÉ",
        "SÝRY"
      ],
      "prices": [
        {
          "store_name": "Albert",
          "price": 35.9,
          "original_price": null,
          "unit_price": 312.17,
          "unit": "Kg",
          "package_size": "115 g",
          "condition": null
        }
      ],
      "description": null
    },
    {
      "name": "Milko Tvaroháček Kakaový tvarohový krém",
      "brand": "Milko",
      "product_url": "https://wolt.com/cs/cze/prague/venue/albert-vinohradska/milko-tvarohacek-kakaovy-tvarohovy-krem-itemid-64ca0b7cba162577de4884bd",
      "image_url": "https://imageproxy.wolt.com/menu/menu-images/64ffec4406cca0140dfab831/7d924620-8eb0-11ee-9fa1-faa0c7b9848f_23841147.jpg",
      "categories": [
        "MLÉČNÉ A CHLAZENÉ",
        "JOGURTY A DEZERTY"
      ],
      "prices": [
        {
          "store_name": "Albert",
          "price": 16.9,
          "original_price": null,
          "unit_price": 187.78,
          "unit": "Kg",
          "package_size": "90 g",
          "condition": null
        }
      ],
      "description": null
    },
    {
      "name": "Hamánek Ovocná přenídávka banán, broskev, jablko",
      "brand": "Hamánek",
      "product_url": "https://wolt.com/cs/cze/prague/venue/albert-vinohradska/hamanek-ovocna-prenidavka-banan-broskev-jablko-itemid-657233256818b938df947c7f",
      "image_url": "https://imageproxy.wolt.com/menu/menu-images/64ffec4406cca0140dfab831/dd3d905e-8ec2-11ee-b1bb-1601976705be_27332276.jpg",
      "categories": [
        "DÍTĚ",
        "VÝŽIVA"
      ],
      "prices": [
        {
          "store_name": "Albert",
          "price": 14.9,
          "original_price": null,
          "unit_price": 149.0,
          "unit": "Kg",
          "package_size": "100 g",
          "condition": null
        }
      ],
      "description": null
    },
    {
      "name": "Nowaco Maliny",
      "brand": "Nowaco",
      "product_url": "https://wolt.com/cs/cze/prague/venue/albert-vinohradska/nowaco-maliny-itemid-6876153a0c6218e9f3e5f473",
      "image_url": "https://imageproxy.wolt.com/menu/menu-images/64b62ec5e5ab70cdc92e30f0/1b8daa26-616f-11f0-a24f-fa8755900022_27740316.jpg",
      "categories": [
        "MRAŽENÉ POTRAVINY",
        "MRAŽENÉ OVOCE A ZELENINA"
      ],
      "prices": [
        {
          "store_name": "Albert",
          "price": 77.9,
          "original_price": null,
          "unit_price": 389.5,
          "unit": "Kg",
          "package_size": "200 g",
          "condition": null
        }
      ],
      "description": null
    },
    {
      "name": "Orion Čokoláda hořká",
      "brand": "Orion",
      "product_url": "https://wolt.com/cs/cze/prague/venue/albert-vinohradska/orion-cokolada-horka-itemid-64ca0b7cba162577de489d6c",
      "image_url": "https://imageproxy.wolt.com/menu/menu-images/64ffec4406cca0140dfab831/50f78ce6-8eac-11ee-b55f-12ad6b72684e_20301262.jpg",
      "categories": [
        "TRVANLIVÉ",
        "SLADKOSTI"
      ],
      "prices": [
        {
          "store_name": "Albert",
          "price": 39.9,
          "original_price": null,
          "unit_price": 469.41,
          "unit": "Kg",
          "package_size": "85 g",
          "condition": "Vyprodáno"
        }
      ],
      "description": null
    },
    {
      "name": "World's Market Lasagne",
      "brand": "World's Market",
      "product_url": "https://wolt.com/cs/cze/prague/venue/albert-vinohradska/world-s-market-lasagne-itemid-64ca0b7cba162577de488725",
      "image_url": "https://imageproxy.wolt.com/menu/menu-images/63ad795db242366d1f818f36/1b65d1d6-168e-11ef-bfed-d281abc47428_27305041.jpg",
      "categories": [
        "TRVANLIVÉ",
        "TĚSTOVINY A KUSKUS"
      ],
      "prices": [
        {
          "store_name": "Albert",
          "price": 39.9,
          "original_price": null,
          "unit_price": 79.8,
          "unit": "Kg",
          "package_size": "500 g",
          "condition": null
        }
      ],
      "description": null
    },
    {
      "name": "Hollandia Selský jogurt jahoda",
      "brand": "Hollandia",
      "product_url": "https://wolt.com/cs/cze/prague/venue/albert-vinohradska/hollandia-selsky-jogurt-jahoda-itemid-64ca0b7cba162577de488243",
      "image_url": "https://imageproxy.wolt.com/menu/menu-images/63ad795db242366d1f818f36/3b25f7be-1c04-11ef-a1db-52b8ad662ff2_23498099.jpg",
      "categories": [
        "MLÉČNÉ A CHLAZENÉ",
        "JOGURTY A DEZERTY"
      ],
      "prices": [
        {
          "store_name": "Albert",
          "price": 21.9,
          "original_price": null,
          "unit_price": 109.5,
          "unit": "Kg",
          "package_size": "200 g",
          "condition": null
        }
      ],
      "description": null
    },
    {
      "name": "Milko Tvaroháček Smetanový tvarohový krém",
      "brand": "Milko",
      "product_url": "https://wolt.com/cs/cze/prague/venue/albert-vinohradska/milko-tvarohacek-smetanovy-tvarohovy-krem-itemid-64ca0b7cba162577de48817f",
      "image_url": "https://imageproxy.wolt.com/menu/menu-images/64ffec4406cca0140dfab831/e6060500-8eb2-11ee-bd36-b6ff72c7a500_24902823.jpg",
      "categories": [
        "MLÉČNÉ A CHLAZENÉ",
        "JOGURTY A DEZERTY"
      ],
      "prices": [
        {
          "store_name": "Albert",
          "price": 16.9,
          "original_price": null,
          "unit_price": 187.78,
          "unit": "Kg",
          "package_size": "90 g",
          "condition": null
        }
      ],
      "description": null
    },
    {
      "name": "Ben & Jerrys Karamel Sutra",
      "brand": "Ben",
      "product_url": "https://wolt.com/cs/cze/prague/venue/albert-vinohradska/ben-jerrys-karamel-sutra-itemid-6876153a0c6218e9f3e5f451",
      "image_url": "https://imageproxy.wolt.com/menu/menu-images/64b62ec5e5ab70cdc92e30f0/0eb848a6-616f-11f0-b548-626ebdcdde98_27249864.jpg",
      "categories": [
        "MRAŽENÉ POTRAVINY",
        "ZMRZLINA A NANUKY"
      ],
      "prices": [
        {
          "store_name": "Albert",
          "price": 243.0,
          "original_price": null,
          "unit_price": 522.58,
          "unit": "l",
          "package_size": "465 ml",
          "condition": null
        }
      ],
      "description": null
    },
    {
      "name": "Hamé Easy Cup Lečo s klobásou",
      "brand": "Hamé",
      "product_url": "https://wolt.com/cs/cze/prague/venue/albert-vinohradska/hame-easy-cup-leco-s-klobasou-itemid-657233256818b938df9485ca",
      "image_url": "https://imageproxy.wolt.com/menu/menu-images/64ffec4406cca0140dfab831/0e573620-8eb6-11ee-a9a6-c64f1deb8de2_25685886.jpg",
      "categories": [
        "UZENINY A LAHŮDKY",
        "HOTOVKY A PŘÍLOHY"
      ],
      "prices": [
        {
          "store_name": "Albert",
          "price": 89.9,
          "original_price": null,
          "unit_price": 224.75,
          "unit": "Kg",
          "package_size": "400 g",
          "condition": null
        }
      ],
      "description": null
    },
    {
      "name": "Pražská vodka 37,5%",
      "brand": "Pražská",
      "product_url": "https://wolt.com/cs/cze/prague/venue/albert-vinohradska/prazska-vodka-37-5-itemid-64ca0b7cba162577de489d3d",
      "image_url": "https://imageproxy.wolt.com/menu/menu-images/64ffec4406cca0140dfab831/a29c3076-8eb4-11ee-9070-1e037cde04d4_25374797.jpg",
      "categories": [
        "NÁPOJE",
        "LIHOVINY"
      ],
      "prices": [
        {
          "store_name": "Albert",
          "price": 224.0,
          "original_price": null,
          "unit_price": 448.0,
          "unit": "l",
          "package_size": "500 ml, 37,5% alc",
          "condition": "18+"
        }
      ],
      "description": null
    },
    {
      "name": "Lagris Rýže sushi",
      "brand": "Lagris",
      "product_url": "https://wolt.com/cs/cze/prague/venue/albert-vinohradska/lagris-ryze-sushi-itemid-64ca0b7cba162577de4894bd",
      "image_url": "https://imageproxy.wolt.com/menu/menu-images/64ffec4406cca0140dfab831/0a5f31e2-8eb3-11ee-a38f-3ed0b25e551d_24948609.jpg",
      "categories": [
        "TRVANLIVÉ",
        "RÝŽE A VAŘENÍ"
      ],
      "prices": [
        {
          "store_name": "Albert",
          "price": 56.9,
          "original_price": null,
          "unit_price": 113.8,
          "unit": "Kg",
          "package_size": "500 g",
          "condition": null
        }
      ],
      "description": null
    },
    {
      "name": "Albert Paprika pálivá mletá",
      "brand": "Albert",
      "product_url": "https://wolt.com/cs/cze/prague/venue/albert-vinohradska/albert-paprika-paliva-mleta-itemid-6601ea3f22b682f831cdbb93",
      "image_url": "https://imageproxy.wolt.com/menu/menu-images/6601c613e48d1c8d95333085/d38b986c-eae3-11ee-b0bd-26602bd55ff2_27244739.jpg",
      "categories": [
        "TRVANLIVÉ",
        "KOŘENÍ A OCHUCOVADLA"
      ],
      "prices": [
        {
          "store_name": "Albert",
          "price": 9.9,
          "original_price": null,
          "unit_price": 396.0,
          "unit": "Kg",
          "package_size": "25 g",
          "condition": null
        }
      ],
      "description": null
    },
    {
      "name": "Hašlerky originál",
      "brand": "Hašlerky",
      "product_url": "https://wolt.com/cs/cze/prague/venue/albert-vinohradska/haslerky-original-itemid-6601e212c12b19d4ba6597de",
      "image_url": "https://imageproxy.wolt.com/menu/menu-images/6601c613e48d1c8d95333085/23c8631a-eae3-11ee-b331-82fdea1e0d7d_26530314.jpg",
      "categories": [
        "TRVANLIVÉ",
        "SLADKOSTI"
      ],
      "prices": [
        {
          "store_name": "Albert",
          "price": 21.9,
          "original_price": null,
          "unit_price": 625.71,
          "unit": "Kg",
          "package_size": "35 g",
          "condition": null
        }
      ],
      "description": null
    },
    {
      "name": "Nature's Promise Sušenky s čokoládou bez lepku",
      "brand": "Nature's Promise",
      "product_url": "https://wolt.com/cs/cze/prague/venue/albert-vinohradska/nature-s-promise-susenky-s-cokoladou-bez-lepku-itemid-64ca0b7cba162577de488d93",
      "image_url": "https://imageproxy.wolt.com/menu/menu-images/63ad795db242366d1f818f36/df28ab56-7827-11f0-bf83-9e37ff539d0d_27292747.jpg",
      "categories": [
        "TRVANLIVÉ",
        "SLADKOSTI"
      ],
      "prices": [
        {
          "store_name": "Albert",
          "price": null,
          "original_price": null,
          "unit_price": 398.0,
          "unit": "Kg",
          "package_size": "50 g",
          "condition": "Sleva"
        }
      ],
      "description": null
    },
    {
      "name": "Pickwick Ovocný čaj malina",
      "brand": "Pickwick",
      "product_url": "https://wolt.com/cs/cze/prague/venue/albert-vinohradska/pickwick-ovocny-caj-malina-itemid-64ca0b7cba162577de489643",
      "image_url": "https://imageproxy.wolt.com/menu/menu-images/64ffec4406cca0140dfab831/6ac4646e-8ec0-11ee-a70e-5eb9bb96d91f_27171998.jpg",
      "categories": [
        "NÁPOJE",
        "KÁVA A ČAJ"
      ],
      "prices": [
        {
          "store_name": "Albert",
          "price": 32.9,
          "original_price": null,
          "unit_price": 822.5,
          "unit": "Kg",
          "package_size": "40 g",
          "condition": null
        }
      ],
      "description": null
    },
    {
      "name": "Emma Mandle hranolky blanšírované",
      "brand": "Emma",
      "product_url": "https://wolt.com/cs/cze/prague/venue/albert-vinohradska/emma-mandle-hranolky-blansirovane-itemid-64ca0b7cba162577de4897af",
      "image_url": "https://imageproxy.wolt.com/menu/menu-images/63ad795db242366d1f818f36/cb6a2882-d995-11ef-bedd-6e59c5948762_24254670.jpg",
      "categories": [
        "OVOCE A ZELENINA",
        "SUCHÉ PLODY"
      ],
      "prices": [
        {
          "store_name": "Albert",
          "price": 39.9,
          "original_price": null,
          "unit_price": 399.0,
          "unit": "Kg",
          "package_size": "100 g",
          "condition": null
        }
      ],
      "description": null
    },
    {
      "name": "Prosecco Solicello DOC",
      "brand": "Prosecco",
      "product_url": "https://wolt.com/cs/cze/prague/venue/albert-vinohradska/prosecco-solicello-doc-itemid-64ca0b7cba162577de488377",
      "image_url": "https://imageproxy.wolt.com/menu/menu-images/63ad795db242366d1f818f36/f6b84aa2-0608-11ef-81c9-a6e4e9251334_26872926.jpg",
      "categories": [
        "NÁPOJE",
        "VÍNA"
      ],
      "prices": [
        {
          "store_name": "Albert",
          "price": 119.9,
          "original_price": null,
          "unit_price": 159.87,
          "unit": "l",
          "package_size": "750 ml, 10,5% alc",
          "condition": "18+"
        }
      ],
      "description": null
    },
    {
      "name": "Dr. Oetker Poleva mléčná",
      "brand": "Dr. Oetker",
      "product_url": "https://wolt.com/cs/cze/prague/venue/albert-vinohradska/dr-oetker-poleva-mlecna-itemid-64ca0b7cba162577de4887b5",
      "image_url": "https://imageproxy.wolt.com/menu/menu-images/63ad795db242366d1f818f36/149d55dc-a8ea-11f0-a4dd-c254e1fad22d_26651439.jpg",
      "categories": [
        "TRVANLIVÉ",
        "PEČENÍ A VAŘENÍ"
      ],
      "prices": [
        {
          "store_name": "Albert",
          "price": 39.9,
          "original_price": null,
          "unit_price": 399.0,
          "unit": "Kg",
          "package_size": "100 g",
          "condition": "Vyprodáno"
        }
      ],
      "description": null
    },
    {
      "name": "Krásno Maďarka",
      "brand": "Krásno",
      "product_url": "https://wolt.com/cs/cze/prague/venue/albert-vinohradska/krasno-madarka-itemid-657233256818b938df94786f",
      "image_url": "https://imageproxy.wolt.com/menu/menu-images/64ffec4406cca0140dfab831/660886dc-8eb4-11ee-8234-3ed0b25e551d_25316476.jpg",
      "categories": [
        "UZENINY A LAHŮDKY",
        "PÁRKY A KLOBÁSY"
      ],
      "prices": [
        {
          "store_name": "Albert",
          "price": 79.9,
          "original_price": null,
          "unit_price": 420.53,
          "unit": "Kg",
          "package_size": "190 g",
          "condition": null
        }
      ],
      "description": null
    },
    {
      "name": "Hamé Vepřové maso ve vlastní šťávě",
      "brand": "Hamé",
      "product_url": "https://wolt.com/cs/cze/prague/venue/albert-vinohradska/hame-veprove-maso-ve-vlastni-stave-itemid-657233256818b938df948678",
      "image_url": "https://imageproxy.wolt.com/menu/menu-images/64ffec4406cca0140dfab831/c820d702-8eaf-11ee-86d3-0ad9bf6baf5b_23519497.jpg",
      "categories": [
        "TRVANLIVÉ",
        "KONZERVOVANÉ POTR."
      ],
      "prices": [
        {
          "store_name": "Albert",
          "price": 125.9,
          "original_price": null,
          "unit_price": 524.58,
          "unit": "Kg",
          "package_size": "240 g",
          "condition": null
        }
      ],
      "description": null
    },
    {
      "name": "Madeta Madetka tavený smetanový sýr",
      "brand": "Madeta",
      "product_url": "https://wolt.com/cs/cze/prague/venue/albert-vinohradska/madeta-madetka-taveny-smetanovy-syr-itemid-64ca0b7cba162577de4899a5",
      "image_url": "https://imageproxy.wolt.com/menu/menu-images/64ffec4406cca0140dfab831/1fe2877a-8eb4-11ee-85aa-1e037cde04d4_25241488.jpg",
      "categories": [
        "MLÉČNÉ A CHLAZENÉ",
        "SÝRY"
      ],
      "prices": [
        {
          "store_name": "Albert",
          "price": null,
          "original_price": null,
          "unit_price": 249.0,
          "unit": "Kg",
          "package_size": "100 g",
          "condition": "Sleva"
        }
      ],
      "description": null
    },
    {
      "name": "Schär Pan Rustico Chléb vícezrnný, bez lepku",
      "brand": "Schär",
      "product_url": "https://wolt.com/cs/cze/prague/venue/albert-vinohradska/schar-pan-rustico-chleb-vicezrnny-bez-lepku-itemid-64ca0b7cba162577de489022",
      "image_url": "https://imageproxy.wolt.com/menu/menu-images/64ffec4406cca0140dfab831/1a75719e-8ebe-11ee-a8ef-d61ea9882201_26990200.jpg",
      "categories": [
        "PEKÁRNA A CUKRÁRNA",
        "BEZLEPKOVÉ PEČIVO"
      ],
      "prices": [
        {
          "store_name": "Albert",
          "price": null,
          "original_price": null,
          "unit_price": 219.6,
          "unit": "Kg",
          "package_size": "250 g",
          "condition": "Sleva"
        }
      ],
      "description": null
    },
    {
      "name": "Albert Excellent Tapas Slanina se sýrem",
      "brand": "Albert Excellent",
      "product_url": "https://wolt.com/cs/cze/prague/venue/albert-vinohradska/albert-excellent-tapas-slanina-se-syrem-itemid-657233256818b938df948b7c",
      "image_url": "https://imageproxy.wolt.com/menu/menu-images/63ad795db242366d1f818f36/90112736-8e26-11f0-a5a1-2a94239dae72_27643426.jpg",
      "categories": [
        "UZENINY A LAHŮDKY",
        "TAPAS"
      ],
      "prices": [
        {
          "store_name": "Albert",
          "price": 79.0,
          "original_price": null,
          "unit_price": 929.41,
          "unit": "Kg",
          "package_size": "85 g",
          "condition": null
        }
      ],
      "description": null
    },
    {
      "name": "Rajec Pramenitá voda neperlivá",
      "brand": "Rajec",
      "product_url": "https://wolt.com/cs/cze/prague/venue/albert-vinohradska/rajec-pramenita-voda-neperliva-itemid-64ca0b7cba162577de489092",
      "image_url": "https://imageproxy.wolt.com/menu/menu-images/64ffec4406cca0140dfab831/d4069520-8eaf-11ee-bd68-3a6355b6d69b_23548091.jpg",
      "categories": [
        "NÁPOJE",
        "VODY A MINERÁLKY"
      ],
      "prices": [
        {
          "store_name": "Albert",
          "price": 14.9,
          "original_price": null,
          "unit_price": 9.93,
          "unit": "l",
          "package_size": "1,5 l",
          "condition": null
        }
      ],
      "description": null
    },
    {
      "name": "Perla Italian Roast Firenze mletá káva",
      "brand": "Perla",
      "product_url": "https://wolt.com/cs/cze/prague/venue/albert-vinohradska/perla-italian-roast-firenze-mleta-kava-itemid-64ca0b7cba162577de48a5f0",
      "image_url": "https://imageproxy.wolt.com/menu/menu-images/63ad795db242366d1f818f36/767f5172-4e4d-11ef-bdc6-de1eebd36d7e_27577967.jpg",
      "categories": [
        "NÁPOJE",
        "KÁVA A ČAJ"
      ],
      "prices": [
        {
          "store_name": "Albert",
          "price": 149.9,
          "original_price": null,
          "unit_price": 599.6,
          "unit": "Kg",
          "package_size": "250 g",
          "condition": null
        }
      ],
      "description": null
    },
    {
      "name": "Albert Excellent Bio Parmigiano Reggiano DOP",
      "brand": "Albert Excellent",
      "product_url": "https://wolt.com/cs/cze/prague/venue/albert-vinohradska/albert-excellent-bio-parmigiano-reggiano-dop-itemid-657233256818b938df947d79",
      "image_url": "https://imageproxy.wolt.com/menu/menu-images/63ad795db242366d1f818f36/f3c25f3a-9795-11ef-bd1d-268eb576841c_27425985.jpg",
      "categories": [
        "MLÉČNÉ A CHLAZENÉ",
        "SÝRY"
      ],
      "prices": [
        {
          "store_name": "Albert",
          "price": 104.86,
          "original_price": null,
          "unit_price": null,
          "unit": null,
          "package_size": null,
          "condition": "Vyprodáno"
        }
      ],
      "description": null
    },
    {
      "name": "Nature's Promise Bio Mozzarella",
      "brand": "Nature's Promise",
      "product_url": "https://wolt.com/cs/cze/prague/venue/albert-vinohradska/nature-s-promise-bio-mozzarella-itemid-681b5abffcbd67bf7a8f49d2",
      "image_url": "https://imageproxy.wolt.com/menu/menu-images/63ad795db242366d1f818f36/f531c02c-2b47-11f0-985c-92f0cb4de810_27979297.jpg",
      "categories": [
        "MLÉČNÉ A CHLAZENÉ",
        "SÝRY"
      ],
      "prices": [
        {
          "store_name": "Albert",
          "price": null,
          "original_price": null,
          "unit_price": 215.2,
          "unit": "Kg",
          "package_size": "125 g",
          "condition": "Sleva"
        }
      ],
      "description": null
    },
    {
      "name": "Listerine Cool Mint ústní voda",
      "brand": "Listerine",
      "product_url": "https://wolt.com/cs/cze/prague/venue/albert-vinohradska/listerine-cool-mint-ustni-voda-itemid-64ca0b7cba162577de489eb1",
      "image_url": "https://imageproxy.wolt.com/menu/menu-images/64ffec4406cca0140dfab831/df1434fc-8eb1-11ee-bf40-f6f59196df47_24593670.jpg",
      "categories": [
        "DROGERIE A KOSMETIKA",
        "ÚSTNÍ HYGIENA"
      ],
      "prices": [
        {
          "store_name": "Albert",
          "price": 79.9,
          "original_price": null,
          "unit_price": 159.8,
          "unit": "l",
          "package_size": "500 ml",
          "condition": null
        }
      ],
      "description": null
    },
    {
      "name": "Kubík Water jahoda",
      "brand": "Kubík",
      "product_url": "https://wolt.com/cs/cze/prague/venue/albert-vinohradska/kubik-water-jahoda-itemid-64ca0b7cba162577de488b43",
      "image_url": "https://imageproxy.wolt.com/menu/menu-images/63ad795db242366d1f818f36/09baaae2-7826-11f0-92e6-fe340938dce3_24879934.jpg",
      "categories": [
        "NÁPOJE",
        "VODY A MINERÁLKY"
      ],
      "prices": [
        {
          "store_name": "Albert",
          "price": 14.9,
          "original_price": null,
          "unit_price": 29.8,
          "unit": "l",
          "package_size": "500 ml",
          "condition": null
        }
      ],
      "description": null
    },
    {
      "name": "Relax Ananas",
      "brand": "Relax",
      "product_url": "https://wolt.com/cs/cze/prague/venue/albert-vinohradska/relax-ananas-itemid-64ca0b7cba162577de489699",
      "image_url": "https://imageproxy.wolt.com/menu/menu-images/64ffec4406cca0140dfab831/dd7c7092-8eba-11ee-ab78-2a867062f6f7_26685656.jpg",
      "categories": [
        "NÁPOJE",
        "DŽUSY A NEKTARY"
      ],
      "prices": [
        {
          "store_name": "Albert",
          "price": 29.9,
          "original_price": null,
          "unit_price": 29.9,
          "unit": "l",
          "package_size": "1 l",
          "condition": null
        }
      ],
      "description": null
    },
    {
      "name": "Birgo Broskev",
      "brand": "Birgo",
      "product_url": "https://wolt.com/cs/cze/prague/venue/albert-vinohradska/birgo-broskev-itemid-64ca0b7cba162577de48a3ac",
      "image_url": "https://imageproxy.wolt.com/menu/menu-images/64ffec4406cca0140dfab831/19568914-8ec9-11ee-a4bd-02b3b6b882fb_27738313.jpg",
      "categories": [
        "NÁPOJE",
        "PIVA"
      ],
      "prices": [
        {
          "store_name": "Albert",
          "price": 23.9,
          "original_price": null,
          "unit_price": 47.8,
          "unit": "l",
          "package_size": "500 ml",
          "condition": null
        }
      ],
      "description": null
    },
    {
      "name": "Albert Zakysaná smetana 18%",
      "brand": "Albert",
      "product_url": "https://wolt.com/cs/cze/prague/venue/albert-vinohradska/albert-zakysana-smetana-18-itemid-64ca0b7cba162577de489663",
      "image_url": "https://imageproxy.wolt.com/menu/menu-images/64ffec4406cca0140dfab831/1043d83c-8ec8-11ee-8214-2e546726778e_27700587.jpg",
      "categories": [
        "MLÉČNÉ A CHLAZENÉ",
        "SMETANY A ŠLEHAČKY"
      ],
      "prices": [
        {
          "store_name": "Albert",
          "price": 36.9,
          "original_price": null,
          "unit_price": 92.25,
          "unit": "Kg",
          "package_size": "400 g",
          "condition": null
        }
      ],
      "description": null
    },
    {
      "name": "Grom Sorbet Mango",
      "brand": "Grom",
      "product_url": "https://wolt.com/cs/cze/prague/venue/albert-vinohradska/grom-sorbet-mango-itemid-6876153a0c6218e9f3e5f455",
      "image_url": "https://imageproxy.wolt.com/menu/menu-images/64b62ec5e5ab70cdc92e30f0/0ebd1c64-616f-11f0-ac76-fa8755900022_27252826.jpg",
      "categories": [
        "MRAŽENÉ POTRAVINY",
        "ZMRZLINA A NANUKY"
      ],
      "prices": [
        {
          "store_name": "Albert",
          "price": 179.0,
          "original_price": null,
          "unit_price": 389.13,
          "unit": "l",
          "package_size": "460 ml",
          "condition": "Vyprodáno"
        }
      ],
      "description": null
    },
    {
      "name": "World's Market Salsa ostrá",
      "brand": "World's Market",
      "product_url": "https://wolt.com/cs/cze/prague/venue/albert-vinohradska/world-s-market-salsa-ostra-itemid-64ca0b7cba162577de489a9e",
      "image_url": "https://imageproxy.wolt.com/menu/menu-images/63ad795db242366d1f818f36/8040196c-bbe4-11ef-8455-1e0bf7c32c80_25025712.jpg",
      "categories": [
        "TRVANLIVÉ",
        "SLANÉ"
      ],
      "prices": [
        {
          "store_name": "Albert",
          "price": 54.9,
          "original_price": null,
          "unit_price": 183.0,
          "unit": "Kg",
          "package_size": "300 g",
          "condition": null
        }
      ],
      "description": null
    },
    {
      "name": "Albert Špenát sekaný",
      "brand": "Albert",
      "product_url": "https://wolt.com/cs/cze/prague/venue/albert-vinohradska/albert-spenat-sekany-itemid-6876153a0c6218e9f3e5f413",
      "image_url": "https://imageproxy.wolt.com/menu/menu-images/64b62ec5e5ab70cdc92e30f0/e7587984-616e-11f0-b963-de7fd4ac3a11_24343909.jpg",
      "categories": [
        "MRAŽENÉ POTRAVINY",
        "MRAŽENÉ OVOCE A ZELENINA"
      ],
      "prices": [
        {
          "store_name": "Albert",
          "price": 29.9,
          "original_price": null,
          "unit_price": 74.75,
          "unit": "Kg",
          "package_size": "400 g",
          "condition": null
        }
      ],
      "description": null
    },
    {
      "name": "Hochwald Eiskaffee Ledová káva",
      "brand": "Hochwald",
      "product_url": "https://wolt.com/cs/cze/prague/venue/albert-vinohradska/hochwald-eiskaffee-ledova-kava-itemid-64ca0b7cba162577de489b27",
      "image_url": "https://imageproxy.wolt.com/menu/menu-images/64ffec4406cca0140dfab831/04f8459a-8eae-11ee-bd6d-12ad6b72684e_21592119.jpg",
      "categories": [
        "MLÉČNÉ A CHLAZENÉ",
        "MLÉČNÉ NÁPOJE"
      ],
      "prices": [
        {
          "store_name": "Albert",
          "price": 51.9,
          "original_price": null,
          "unit_price": 51.9,
          "unit": "l",
          "package_size": "1 l",
          "condition": null
        }
      ],
      "description": null
    },
    {
      "name": "Kuřecí krky",
      "brand": null,
      "product_url": "https://wolt.com/cs/cze/prague/venue/albert-vinohradska/kureci-krky-itemid-64ca0b7cba162577de488637",
      "image_url": "https://imageproxy.wolt.com/menu/menu-images/64ffec4406cca0140dfab831/f8af8950-8ec2-11ee-9845-7639dadf697f_27341520.jpg",
      "categories": [
        "MASO A RYBY",
        "DRŮBEŽ"
      ],
      "prices": [
        {
          "store_name": "Albert",
          "price": 34.0,
          "original_price": null,
          "unit_price": 68.0,
          "unit": "Kg",
          "package_size": "500 g",
          "condition": null
        }
      ],
      "description": null
    },
    {
      "name": "Pedro Opičky a banán",
      "brand": "Pedro",
      "product_url": "https://wolt.com/cs/cze/prague/venue/albert-vinohradska/pedro-opicky-a-banan-itemid-64ca0b7cba162577de4895cf",
      "image_url": "https://imageproxy.wolt.com/menu/menu-images/64ffec4406cca0140dfab831/dd603ce4-8eb8-11ee-acf9-16e6bf59122a_26307879.jpg",
      "categories": [
        "TRVANLIVÉ",
        "SLADKOSTI"
      ],
      "prices": [
        {
          "store_name": "Albert",
          "price": 23.9,
          "original_price": null,
          "unit_price": 298.75,
          "unit": "Kg",
          "package_size": "80 g",
          "condition": null
        }
      ],
      "description": null
    },
    {
      "name": "Kitbis Veselý mix komprimátová směs",
      "brand": "Kitbis",
      "product_url": "https://wolt.com/cs/cze/prague/venue/albert-vinohradska/kitbis-vesely-mix-komprimatova-smes-itemid-64ca0b7cba162577de489905",
      "image_url": "https://imageproxy.wolt.com/menu/menu-images/64ffec4406cca0140dfab831/e32f07a6-8ec5-11ee-90d6-22bb34ae47e9_27580615.jpg",
      "categories": [
        "TRVANLIVÉ",
        "SLADKOSTI"
      ],
      "prices": [
        {
          "store_name": "Albert",
          "price": 23.9,
          "original_price": null,
          "unit_price": 159.33,
          "unit": "Kg",
          "package_size": "150 g",
          "condition": null
        }
      ],
      "description": null
    },
    {
      "name": "Lactacyd intimní gel  prebiotic plus",
      "brand": "Lactacyd",
      "product_url": "https://wolt.com/cs/cze/prague/venue/albert-vinohradska/lactacyd-intimni-gel-prebiotic-plus-itemid-6601e2dbc12b19d4ba659858",
      "image_url": "https://imageproxy.wolt.com/menu/menu-images/6601c613e48d1c8d95333085/4616a098-eae4-11ee-b48e-86ed91a9399a_27517499.jpg",
      "categories": [
        "DROGERIE A KOSMETIKA",
        "DÁMSKÉ HYG. POTŘEBY"
      ],
      "prices": [
        {
          "store_name": "Albert",
          "price": 109.9,
          "original_price": null,
          "unit_price": 549.5,
          "unit": "l",
          "package_size": "200 ml",
          "condition": null
        }
      ],
      "description": null
    },
    {
      "name": "Halloumi Dodomi natur",
      "brand": "Halloumi",
      "product_url": "https://wolt.com/cs/cze/prague/venue/albert-vinohradska/halloumi-dodomi-natur-itemid-64ca0b7cba162577de488bbd",
      "image_url": "https://imageproxy.wolt.com/menu/menu-images/64ffec4406cca0140dfab831/9a7c983c-8ebd-11ee-b71f-024004d5d6b2_26955001.jpg",
      "categories": [
        "MLÉČNÉ A CHLAZENÉ",
        "SÝRY"
      ],
      "prices": [
        {
          "store_name": "Albert",
          "price": 111.9,
          "original_price": null,
          "unit_price": 497.33,
          "unit": "Kg",
          "package_size": "225 g",
          "condition": null
        }
      ],
      "description": null
    },
    {
      "name": "Jarošovský Matúš 12%",
      "brand": "Jarošovský",
      "product_url": "https://wolt.com/cs/cze/prague/venue/albert-vinohradska/jarosovsky-matus-12-itemid-64ca0b7cba162577de48a395",
      "image_url": "https://imageproxy.wolt.com/menu/menu-images/64ffec4406cca0140dfab831/69f5c774-8ec2-11ee-86e4-0eb01a66e252_27298756.jpg",
      "categories": [
        "NÁPOJE",
        "PIVA"
      ],
      "prices": [
        {
          "store_name": "Albert",
          "price": 83.9,
          "original_price": null,
          "unit_price": 83.9,
          "unit": "l",
          "package_size": "1 l, 5,1% alc",
          "condition": "18+"
        }
      ],
      "description": null
    },
    {
      "name": "Kubík Play příchuť meloun",
      "brand": "Kubík",
      "product_url": "https://wolt.com/cs/cze/prague/venue/albert-vinohradska/kubik-play-prichut-meloun-itemid-681b5abffcbd67bf7a8f4a5d",
      "image_url": "https://imageproxy.wolt.com/menu/menu-images/63ad795db242366d1f818f36/d6fced8e-2b47-11f0-b557-1e4f01b2dfc5_27971420.jpg",
      "categories": [
        "NÁPOJE",
        "LIMONÁDY"
      ],
      "prices": [
        {
          "store_name": "Albert",
          "price": 22.9,
          "original_price": null,
          "unit_price": 57.25,
          "unit": "l",
          "package_size": "400 ml",
          "condition": null
        }
      ],
      "description": null
    },
    {
      "name": "Pickwick Ovocný čaj třešně s malinami",
      "brand": "Pickwick",
      "product_url": "https://wolt.com/cs/cze/prague/venue/albert-vinohradska/pickwick-ovocny-caj-tresne-s-malinami-itemid-64ca0b7cba162577de48a263",
      "image_url": "https://imageproxy.wolt.com/menu/menu-images/63ad795db242366d1f818f36/a07bde2e-aef6-11ee-9c62-b6f757c6fa30_26175522.jpg",
      "categories": [
        "NÁPOJE",
        "KÁVA A ČAJ"
      ],
      "prices": [
        {
          "store_name": "Albert",
          "price": 32.9,
          "original_price": null,
          "unit_price": 822.5,
          "unit": "Kg",
          "package_size": "40 g",
          "condition": null
        }
      ],
      "description": null
    },
    {
      "name": "Illy zrnková káva bez kofeinu",
      "brand": "Illy",
      "product_url": "https://wolt.com/cs/cze/prague/venue/albert-vinohradska/illy-zrnkova-kava-bez-kofeinu-itemid-64ca0b7cba162577de48a436",
      "image_url": "https://imageproxy.wolt.com/menu/menu-images/63ad795db242366d1f818f36/8a030690-cca1-11ee-b933-c2fbbc95ca3a_27597125.jpg",
      "categories": [
        "NÁPOJE",
        "KÁVA A ČAJ"
      ],
      "prices": [
        {
          "store_name": "Albert",
          "price": 289.0,
          "original_price": null,
          "unit_price": 1156.0,
          "unit": "Kg",
          "package_size": "250 g",
          "condition": null
        }
      ],
      "description": null
    },
    {
      "name": "Kingson Zelený ledový čaj citron",
      "brand": "Kingson",
      "product_url": "https://wolt.com/cs/cze/prague/venue/albert-vinohradska/kingson-zeleny-ledovy-caj-citron-itemid-64ca0b7cba162577de488ba1",
      "image_url": "https://imageproxy.wolt.com/menu/menu-images/63ad795db242366d1f818f36/1fde824c-d995-11ef-a6cd-d62c4265bd3c_27184042.jpg",
      "categories": [
        "NÁPOJE",
        "LIMONÁDY"
      ],
      "prices": [
        {
          "store_name": "Albert",
          "price": 11.9,
          "original_price": null,
          "unit_price": 23.8,
          "unit": "l",
          "package_size": "500 ml",
          "condition": null
        }
      ],
      "description": null
    },
    {
      "name": "Rybex Salát ala Krab",
      "brand": "Rybex",
      "product_url": "https://wolt.com/cs/cze/prague/venue/albert-vinohradska/rybex-salat-ala-krab-itemid-64ca0b7cba162577de48962f",
      "image_url": "https://imageproxy.wolt.com/menu/menu-images/64ffec4406cca0140dfab831/6575e7de-8ec1-11ee-93fe-46b0bb5ce808_27245644.jpg",
      "categories": [
        "UZENINY A LAHŮDKY",
        "SALÁTY A POMAZÁNKY"
      ],
      "prices": [
        {
          "store_name": "Albert",
          "price": 34.9,
          "original_price": null,
          "unit_price": 232.67,
          "unit": "Kg",
          "package_size": "150 g",
          "condition": null
        }
      ],
      "description": null
    },
    {
      "name": "Pepino Classic kondomy",
      "brand": "Pepino",
      "product_url": "https://wolt.com/cs/cze/prague/venue/albert-vinohradska/pepino-classic-kondomy-itemid-64ca0b7cba162577de488f5b",
      "image_url": "https://imageproxy.wolt.com/menu/menu-images/63ad795db242366d1f818f36/8940848e-bbe4-11ef-be9c-b69cc964f79e_24376341.jpg",
      "categories": [
        "DROGERIE A KOSMETIKA",
        "PRO INTIMNÍ CHVÍLE"
      ],
      "prices": [
        {
          "store_name": "Albert",
          "price": 149.9,
          "original_price": null,
          "unit_price": 12.49,
          "unit": "ks",
          "package_size": "‪12‬ kusů",
          "condition": null
        }
      ],
      "description": null
    },
    {
      "name": "Dream&Co Nanuky Classic",
      "brand": "Dream&Co",
      "product_url": "https://wolt.com/cs/cze/prague/venue/albert-vinohradska/dream-co-nanuky-classic-itemid-6876153a0c6218e9f3e5f489",
      "image_url": "https://imageproxy.wolt.com/menu/menu-images/64b62ec5e5ab70cdc92e30f0/346db6bc-616f-11f0-ba49-f214f34c53bf_27829356.jpg",
      "categories": [
        "MRAŽENÉ POTRAVINY",
        "ZMRZLINA A NANUKY"
      ],
      "prices": [
        {
          "store_name": "Albert",
          "price": 124.9,
          "original_price": null,
          "unit_price": 173.47,
          "unit": "l",
          "package_size": "720 ml",
          "condition": null
        }
      ],
      "description": null
    },
    {
      "name": "Madeta Zakysaná smetana 15%",
      "brand": "Madeta",
      "product_url": "https://wolt.com/cs/cze/prague/venue/albert-vinohradska/madeta-zakysana-smetana-15-itemid-64ca0b7cba162577de4897ff",
      "image_url": "https://imageproxy.wolt.com/menu/menu-images/64ffec4406cca0140dfab831/c1ec646e-8eaf-11ee-9a21-f6745e48ee46_23498259.jpg",
      "categories": [
        "MLÉČNÉ A CHLAZENÉ",
        "SMETANY A ŠLEHAČKY"
      ],
      "prices": [
        {
          "store_name": "Albert",
          "price": 20.9,
          "original_price": null,
          "unit_price": 116.11,
          "unit": "Kg",
          "package_size": "180 g",
          "condition": "Vyprodáno"
        }
      ],
      "description": null
    },
    {
      "name": "Celihope Oplatka arašídová bezlepková",
      "brand": "Celihope",
      "product_url": "https://wolt.com/cs/cze/prague/venue/albert-vinohradska/celihope-oplatka-arasidova-bezlepkova-itemid-64ca0b7cba162577de489ab7",
      "image_url": "https://imageproxy.wolt.com/menu/menu-images/64ffec4406cca0140dfab831/2ddbe31a-8eb1-11ee-a13b-662d260bbeaa_24234344.jpg",
      "categories": [
        "TRVANLIVÉ",
        "SLADKOSTI"
      ],
      "prices": [
        {
          "store_name": "Albert",
          "price": 21.9,
          "original_price": null,
          "unit_price": 625.71,
          "unit": "Kg",
          "package_size": "35 g",
          "condition": null
        }
      ],
      "description": null
    },
    {
      "name": "Míša Ovocný multipack",
      "brand": "Míša",
      "product_url": "https://wolt.com/cs/cze/prague/venue/albert-vinohradska/misa-ovocny-multipack-itemid-6876153a0c6218e9f3e5f479",
      "image_url": "https://imageproxy.wolt.com/menu/menu-images/64b62ec5e5ab70cdc92e30f0/25f593a2-616f-11f0-ae14-ea472b08f39f_27725597.jpg",
      "categories": [
        "MRAŽENÉ POTRAVINY",
        "ZMRZLINA A NANUKY"
      ],
      "prices": [
        {
          "store_name": "Albert",
          "price": 116.9,
          "original_price": null,
          "unit_price": 354.24,
          "unit": "l",
          "package_size": "330 ml",
          "condition": null
        }
      ],
      "description": null
    },
    {
      "name": "Pór",
      "brand": "Pór",
      "product_url": "https://wolt.com/cs/cze/prague/venue/albert-vinohradska/por-itemid-64ca0b7cba162577de4881a7",
      "image_url": "https://imageproxy.wolt.com/menu/menu-images/64ffec4406cca0140dfab831/1cd98e84-8eb4-11ee-abea-9e446d541704_25240412.jpg",
      "categories": [
        "OVOCE A ZELENINA",
        "ZELENINA"
      ],
      "prices": [
        {
          "store_name": "Albert",
          "price": 24.9,
          "original_price": null,
          "unit_price": 24.9,
          "unit": "ks",
          "package_size": "‪1‬ kus",
          "condition": null
        }
      ],
      "description": null
    },
    {
      "name": "Dr. Oetker Ristorante Pizza Quatro Formaggi",
      "brand": "Dr. Oetker",
      "product_url": "https://wolt.com/cs/cze/prague/venue/albert-vinohradska/dr-oetker-ristorante-pizza-quatro-formaggi-itemid-6876153a0c6218e9f3e5f444",
      "image_url": "https://imageproxy.wolt.com/menu/menu-images/63ad795db242366d1f818f36/1edcb74a-a8ea-11f0-8fc1-22c5c4f81691_26909295.jpg",
      "categories": [
        "MRAŽENÉ POTRAVINY",
        "MRAŽENÁ PIZZA A HOTOVÁ JÍDLA"
      ],
      "prices": [
        {
          "store_name": "Albert",
          "price": 89.9,
          "original_price": null,
          "unit_price": 264.41,
          "unit": "Kg",
          "package_size": "340 g",
          "condition": null
        }
      ],
      "description": null
    },
    {
      "name": "Nature's Promise Kaše chia s jablkem a skořicí",
      "brand": "Nature's Promise",
      "product_url": "https://wolt.com/cs/cze/prague/venue/albert-vinohradska/nature-s-promise-kase-chia-s-jablkem-a-skorici-itemid-64ca0b7cba162577de48976c",
      "image_url": "https://imageproxy.wolt.com/menu/menu-images/63ad795db242366d1f818f36/5a20d3ca-4e4d-11ef-a00d-8a0ff6c4b63c_26896915.jpg",
      "categories": [
        "TRVANLIVÉ",
        "MÜSLI A CEREÁLIE"
      ],
      "prices": [
        {
          "store_name": "Albert",
          "price": null,
          "original_price": null,
          "unit_price": 167.69,
          "unit": "Kg",
          "package_size": "65 g",
          "condition": "Sleva, Vyprodáno"
        }
      ],
      "description": null
    },
    {
      "name": "Nature's Promise 100% arašídový krém křupavý",
      "brand": "Nature's Promise",
      "product_url": "https://wolt.com/cs/cze/prague/venue/albert-vinohradska/nature-s-promise-100-arasidovy-krem-krupavy-itemid-64ca0b7cba162577de4892ee",
      "image_url": "https://imageproxy.wolt.com/menu/menu-images/64ffec4406cca0140dfab831/e6c4942a-8ec6-11ee-bde6-6e0f65c8f049_27630563.jpg",
      "categories": [
        "TRVANLIVÉ",
        "MEDY A SL. POMAZÁNKY"
      ],
      "prices": [
        {
          "store_name": "Albert",
          "price": 84.9,
          "original_price": null,
          "unit_price": 242.57,
          "unit": "Kg",
          "package_size": "350 g",
          "condition": null
        }
      ],
      "description": null
    },
    {
      "name": "Aquila Tea citrón černý čaj",
      "brand": "Aquila",
      "product_url": "https://wolt.com/cs/cze/prague/venue/albert-vinohradska/aquila-tea-citron-cerny-caj-itemid-657233256818b938df94793f",
      "image_url": "https://imageproxy.wolt.com/menu/menu-images/64ffec4406cca0140dfab831/3c6aa956-8ead-11ee-9c49-7a8430ea266b_20717247.jpg",
      "categories": [
        "NÁPOJE",
        "LIMONÁDY"
      ],
      "prices": [
        {
          "store_name": "Albert",
          "price": 34.9,
          "original_price": null,
          "unit_price": 23.27,
          "unit": "l",
          "package_size": "1,5 l",
          "condition": null
        }
      ],
      "description": null
    },
    {
      "name": "Fazole v rajčatové omáčce s chilli",
      "brand": "Fazole",
      "product_url": "https://wolt.com/cs/cze/prague/venue/albert-vinohradska/fazole-v-rajcatove-omacce-s-chilli-itemid-64ca0b7cba162577de4881b5",
      "image_url": "https://imageproxy.wolt.com/menu/menu-images/63ad795db242366d1f818f36/cb4f5568-5efa-11ef-8302-9e62ad1746a7_22895578.jpg",
      "categories": [
        "TRVANLIVÉ",
        "KONZERVOVANÉ POTR."
      ],
      "prices": [
        {
          "store_name": "Albert",
          "price": 21.9,
          "original_price": null,
          "unit_price": 91.25,
          "unit": "Kg",
          "package_size": "240 g",
          "condition": null
        }
      ],
      "description": null
    },
    {
      "name": "Pampers Pants plenkové kahotky, velikost 4",
      "brand": "Pampers",
      "product_url": "https://wolt.com/cs/cze/prague/venue/albert-vinohradska/pampers-pants-plenkove-kahotky-velikost-4-itemid-64ca0b7cba162577de48a43e",
      "image_url": "https://imageproxy.wolt.com/menu/menu-images/63ad795db242366d1f818f36/1b553de4-168e-11ef-895f-c6951f258a99_27384664.jpg",
      "categories": [
        "DÍTĚ",
        "PLENY A PODLOŽKY"
      ],
      "prices": [
        {
          "store_name": "Albert",
          "price": null,
          "original_price": null,
          "unit_price": 6.85,
          "unit": "ks",
          "package_size": "‪48‬ kusů",
          "condition": "Sleva, Vyprodáno"
        }
      ],
      "description": null
    },
    {
      "name": "Brit Premium Cat kapsičky Family Plate",
      "brand": "Brit",
      "product_url": "https://wolt.com/cs/cze/prague/venue/albert-vinohradska/brit-premium-cat-kapsicky-family-plate-itemid-657233256818b938df94861b",
      "image_url": "https://imageproxy.wolt.com/menu/menu-images/64ffec4406cca0140dfab831/6df7a8e2-8ec7-11ee-ae64-2289f94b8ae4_27657607.jpg",
      "categories": [
        "ZVÍŘATA",
        "PSI"
      ],
      "prices": [
        {
          "store_name": "Albert",
          "price": 199.0,
          "original_price": null,
          "unit_price": 165.83,
          "unit": "Kg",
          "package_size": "1,2 kg",
          "condition": null
        }
      ],
      "description": null
    },
    {
      "name": "TopNatur Lowcarb Kaše mandlová",
      "brand": "TopNatur",
      "product_url": "https://wolt.com/cs/cze/prague/venue/albert-vinohradska/topnatur-lowcarb-kase-mandlova-itemid-657233256818b938df9478b8",
      "image_url": "https://imageproxy.wolt.com/menu/menu-images/64ffec4406cca0140dfab831/9f33fe36-8ec4-11ee-9d35-46b0bb5ce808_27481998.jpg",
      "categories": [
        "TRVANLIVÉ",
        "MÜSLI A CEREÁLIE"
      ],
      "prices": [
        {
          "store_name": "Albert",
          "price": null,
          "original_price": null,
          "unit_price": 365.0,
          "unit": "Kg",
          "package_size": "60 g",
          "condition": "Sleva"
        }
      ],
      "description": null
    },
    {
      "name": "Felix Fantastic výběr z ryb",
      "brand": "Felix",
      "product_url": "https://wolt.com/cs/cze/prague/venue/albert-vinohradska/felix-fantastic-vyber-z-ryb-itemid-657233256818b938df94782e",
      "image_url": "https://imageproxy.wolt.com/menu/menu-images/64ffec4406cca0140dfab831/773deffa-8ec3-11ee-a0b3-a69629e9844e_27383353.jpg",
      "categories": [
        "ZVÍŘATA",
        "KOČKY"
      ],
      "prices": [
        {
          "store_name": "Albert",
          "price": 129.9,
          "original_price": null,
          "unit_price": 127.35,
          "unit": "Kg",
          "package_size": "1,02 kg",
          "condition": null
        }
      ],
      "description": null
    },
    {
      "name": "Magnesia Extra",
      "brand": "Magnesia",
      "product_url": "https://wolt.com/cs/cze/prague/venue/albert-vinohradska/magnesia-extra-itemid-64ca0b7cba162577de4895de",
      "image_url": "https://imageproxy.wolt.com/menu/menu-images/64ffec4406cca0140dfab831/c396103c-8ebc-11ee-82eb-024d5631d362_26870724.jpg",
      "categories": [
        "NÁPOJE",
        "VODY A MINERÁLKY"
      ],
      "prices": [
        {
          "store_name": "Albert",
          "price": 36.9,
          "original_price": null,
          "unit_price": 52.71,
          "unit": "l",
          "package_size": "700 ml",
          "condition": null
        }
      ],
      "description": null
    },
    {
      "name": "Kitbis Lískooříškový krém",
      "brand": "Kitbis",
      "product_url": "https://wolt.com/cs/cze/prague/venue/albert-vinohradska/kitbis-liskooriskovy-krem-itemid-681b5abffcbd67bf7a8f4adb",
      "image_url": "https://imageproxy.wolt.com/menu/menu-images/63ad795db242366d1f818f36/5c7c343e-2b47-11f0-af01-26e358a0cb58_27802465.jpg",
      "categories": [
        "TRVANLIVÉ",
        "MEDY A SL. POMAZÁNKY"
      ],
      "prices": [
        {
          "store_name": "Albert",
          "price": 99.9,
          "original_price": null,
          "unit_price": 133.2,
          "unit": "Kg",
          "package_size": "750 g",
          "condition": null
        }
      ],
      "description": null
    },
    {
      "name": "Schär Bábovka mramorová, bez lepku",
      "brand": "Schär",
      "product_url": "https://wolt.com/cs/cze/prague/venue/albert-vinohradska/schar-babovka-mramorova-bez-lepku-itemid-681b5abffcbd67bf7a8f4a87",
      "image_url": "https://imageproxy.wolt.com/menu/menu-images/63ad795db242366d1f818f36/716b979a-2b47-11f0-942e-06428b1fb390_27873069.jpg",
      "categories": [
        "PEKÁRNA A CUKRÁRNA",
        "BEZLEPKOVÉ PEČIVO"
      ],
      "prices": [
        {
          "store_name": "Albert",
          "price": null,
          "original_price": null,
          "unit_price": 359.6,
          "unit": "Kg",
          "package_size": "250 g",
          "condition": "Sleva"
        }
      ],
      "description": null
    },
    {
      "name": "Albert Mléko plnotučné 3,5% trvanlivé",
      "brand": "Albert",
      "product_url": "https://wolt.com/cs/cze/prague/venue/albert-vinohradska/albert-mleko-plnotucne-3-5-trvanlive-itemid-64ca0b7cba162577de4882a5",
      "image_url": "https://imageproxy.wolt.com/menu/menu-images/64ffec4406cca0140dfab831/d2e859ac-8eb0-11ee-9708-76d8d681f910_24056779.jpg",
      "categories": [
        "MLÉČNÉ A CHLAZENÉ",
        "MLÉČNÉ NÁPOJE"
      ],
      "prices": [
        {
          "store_name": "Albert",
          "price": 24.9,
          "original_price": null,
          "unit_price": 24.9,
          "unit": "l",
          "package_size": "1 l",
          "condition": null
        }
      ],
      "description": null
    },
    {
      "name": "Trapiche Malbec",
      "brand": "Trapiche",
      "product_url": "https://wolt.com/cs/cze/prague/venue/albert-vinohradska/trapiche-malbec-itemid-657233256818b938df948087",
      "image_url": "https://imageproxy.wolt.com/menu/menu-images/64ffec4406cca0140dfab831/a536cbcc-8eb7-11ee-9c5d-02d10f7fce64_26008370.jpg",
      "categories": [
        "NÁPOJE",
        "VÍNA"
      ],
      "prices": [
        {
          "store_name": "Albert",
          "price": 139.9,
          "original_price": null,
          "unit_price": 186.53,
          "unit": "l",
          "package_size": "750 ml, 13,5% alc",
          "condition": "18+"
        }
      ],
      "description": null
    },
    {
      "name": "Kofola Citrus",
      "brand": "Kofola",
      "product_url": "https://wolt.com/cs/cze/prague/venue/albert-vinohradska/kofola-citrus-itemid-64ca0b7cba162577de4890dd",
      "image_url": "https://imageproxy.wolt.com/menu/menu-images/64ffec4406cca0140dfab831/e1f18d52-8eaf-11ee-a4f1-9efff91d0ab5_23568242.jpg",
      "categories": [
        "NÁPOJE",
        "LIMONÁDY"
      ],
      "prices": [
        {
          "store_name": "Albert",
          "price": 26.9,
          "original_price": null,
          "unit_price": 13.45,
          "unit": "l",
          "package_size": "2 l",
          "condition": null
        }
      ],
      "description": null
    },
    {
      "name": "Nature's Promise Bio Mušličky špaldové celozr.",
      "brand": "Nature's Promise",
      "product_url": "https://wolt.com/cs/cze/prague/venue/albert-vinohradska/nature-s-promise-bio-muslicky-spaldove-celozr-itemid-64ca0b7cba162577de48a2e1",
      "image_url": "https://imageproxy.wolt.com/menu/menu-images/64ffec4406cca0140dfab831/77a3f702-8ebc-11ee-8ba6-2ea44b0f5f93_26845807.jpg",
      "categories": [
        "TRVANLIVÉ",
        "TĚSTOVINY A KUSKUS"
      ],
      "prices": [
        {
          "store_name": "Albert",
          "price": 33.9,
          "original_price": null,
          "unit_price": 84.75,
          "unit": "Kg",
          "package_size": "400 g",
          "condition": null
        }
      ],
      "description": null
    },
    {
      "name": "Dermacol sprchový gel vodní meloun",
      "brand": "Dermacol",
      "product_url": "https://wolt.com/cs/cze/prague/venue/albert-vinohradska/dermacol-sprchovy-gel-vodni-meloun-itemid-657233256818b938df947a0d",
      "image_url": "https://imageproxy.wolt.com/menu/menu-images/64ffec4406cca0140dfab831/b55ec588-8eb5-11ee-9622-3ed0b25e551d_25613575.jpg",
      "categories": [
        "DROGERIE A KOSMETIKA",
        "MÝDLA A GELY"
      ],
      "prices": [
        {
          "store_name": "Albert",
          "price": 54.9,
          "original_price": null,
          "unit_price": 219.6,
          "unit": "l",
          "package_size": "250 ml",
          "condition": null
        }
      ],
      "description": null
    },
    {
      "name": "Vinselekt Michlovský Rulandské šedé",
      "brand": "Vinselekt",
      "product_url": "https://wolt.com/cs/cze/prague/venue/albert-vinohradska/vinselekt-michlovsky-rulandske-sede-itemid-64ca0b7cba162577de48a016",
      "image_url": "https://imageproxy.wolt.com/menu/menu-images/64ffec4406cca0140dfab831/616f4712-8ebb-11ee-8f81-1e9e4c6f0bda_26769387.jpg",
      "categories": [
        "NÁPOJE",
        "VÍNA"
      ],
      "prices": [
        {
          "store_name": "Albert",
          "price": 169.0,
          "original_price": null,
          "unit_price": 225.33,
          "unit": "l",
          "package_size": "750 ml, 12% alc",
          "condition": "18+"
        }
      ],
      "description": null
    },
    {
      "name": "Jägermeister 35%",
      "brand": "Jägermeister",
      "product_url": "https://wolt.com/cs/cze/prague/venue/albert-vinohradska/jagermeister-35-itemid-64ca0b7cba162577de489291",
      "image_url": "https://imageproxy.wolt.com/menu/menu-images/64ffec4406cca0140dfab831/5a5f67c6-8ebc-11ee-874a-6e81ffaa4982_26834696.jpg",
      "categories": [
        "NÁPOJE",
        "LIHOVINY"
      ],
      "prices": [
        {
          "store_name": "Albert",
          "price": 439.0,
          "original_price": null,
          "unit_price": 878.0,
          "unit": "l",
          "package_size": "500 ml, 35% alc",
          "condition": "18+"
        }
      ],
      "description": null
    },
    {
      "name": "Avanti Ice",
      "brand": "Avanti",
      "product_url": "https://wolt.com/cs/cze/prague/venue/albert-vinohradska/avanti-ice-itemid-657233256818b938df94828f",
      "image_url": "https://imageproxy.wolt.com/menu/menu-images/64ffec4406cca0140dfab831/53299dac-8ec9-11ee-8dac-3a31305f5e7c_27746622.jpg",
      "categories": [
        "NÁPOJE",
        "VÍNA"
      ],
      "prices": [
        {
          "store_name": "Albert",
          "price": 79.9,
          "original_price": null,
          "unit_price": 106.53,
          "unit": "l",
          "package_size": "750 ml, 8% alc",
          "condition": "18+"
        }
      ],
      "description": null
    },
    {
      "name": "Jack Daniel's Gentleman Jack 40%",
      "brand": "Jack Daniel's",
      "product_url": "https://wolt.com/cs/cze/prague/venue/albert-vinohradska/jack-daniel-s-gentleman-jack-40-itemid-657233256818b938df9485fd",
      "image_url": "https://imageproxy.wolt.com/menu/menu-images/64ffec4406cca0140dfab831/985530a2-8eb6-11ee-a82b-aa70cbf91f77_25787153.jpg",
      "categories": [
        "NÁPOJE",
        "LIHOVINY"
      ],
      "prices": [
        {
          "store_name": "Albert",
          "price": 999.0,
          "original_price": null,
          "unit_price": 1427.14,
          "unit": "l",
          "package_size": "700 ml, 40% alc",
          "condition": "18+, Vyprodáno"
        }
      ],
      "description": null
    },
    {
      "name": "Nature's Promise Bio Čočka červená",
      "brand": "Nature's Promise",
      "product_url": "https://wolt.com/cs/cze/prague/venue/albert-vinohradska/nature-s-promise-bio-cocka-cervena-itemid-64ca0b7cba162577de48a27c",
      "image_url": "https://imageproxy.wolt.com/menu/menu-images/64ffec4406cca0140dfab831/8ac99c74-8ebc-11ee-a7ec-a6b73cfda2ad_26848761.jpg",
      "categories": [
        "TRVANLIVÉ",
        "RÝŽE A VAŘENÍ"
      ],
      "prices": [
        {
          "store_name": "Albert",
          "price": 39.9,
          "original_price": null,
          "unit_price": 79.8,
          "unit": "Kg",
          "package_size": "500 g",
          "condition": null
        }
      ],
      "description": null
    },
    {
      "name": "Sweet'n'Fun Tlapková patrola lízátko",
      "brand": "Sweet'n'Fun",
      "product_url": "https://wolt.com/cs/cze/prague/venue/albert-vinohradska/sweet-n-fun-tlapkova-patrola-lizatko-itemid-6601ea47a821c14498a2d8e8",
      "image_url": "https://imageproxy.wolt.com/menu/menu-images/63ad795db242366d1f818f36/2741cf38-ad8b-11f0-b359-a682dc8d8379_27372944.jpg",
      "categories": [
        "TRVANLIVÉ",
        "SLADKOSTI"
      ],
      "prices": [
        {
          "store_name": "Albert",
          "price": 12.9,
          "original_price": null,
          "unit_price": 860.0,
          "unit": "Kg",
          "package_size": "15 g",
          "condition": "Vyprodáno"
        }
      ],
      "description": null
    },
    {
      "name": "Efko Tradiční moravské okurky",
      "brand": "Efko",
      "product_url": "https://wolt.com/cs/cze/prague/venue/albert-vinohradska/efko-tradicni-moravske-okurky-itemid-657233256818b938df9485b7",
      "image_url": "https://imageproxy.wolt.com/menu/menu-images/64ffec4406cca0140dfab831/8a5b4496-8eb6-11ee-9320-2672547c66c2_25781496.jpg",
      "categories": [
        "TRVANLIVÉ",
        "KONZERVOVANÉ POTR."
      ],
      "prices": [
        {
          "store_name": "Albert",
          "price": 79.9,
          "original_price": null,
          "unit_price": 221.94,
          "unit": "Kg",
          "package_size": "360 g",
          "condition": null
        }
      ],
      "description": null
    },
    {
      "name": "Jedlá sůl kamenná s jódem a fluorem",
      "brand": "Jedlá",
      "product_url": "https://wolt.com/cs/cze/prague/venue/albert-vinohradska/jedla-sul-kamenna-s-jodem-a-fluorem-itemid-6601e3efa04ce0438b083217",
      "image_url": "https://imageproxy.wolt.com/menu/menu-images/6601c613e48d1c8d95333085/529ab4aa-eae2-11ee-b6b9-0a57c3b26f42_23232105.jpg",
      "categories": [
        "TRVANLIVÉ",
        "KOŘENÍ A OCHUCOVADLA"
      ],
      "prices": [
        {
          "store_name": "Albert",
          "price": 14.9,
          "original_price": null,
          "unit_price": 14.9,
          "unit": "Kg",
          "package_size": "1 kg",
          "condition": null
        }
      ],
      "description": null
    },
    {
      "name": "Jelení lůj Originál pomáda s placentou",
      "brand": "Jelení",
      "product_url": "https://wolt.com/cs/cze/prague/venue/albert-vinohradska/jeleni-luj-original-pomada-s-placentou-itemid-64ca0b7cba162577de48a04a",
      "image_url": "https://imageproxy.wolt.com/menu/menu-images/63ad795db242366d1f818f36/2df2d644-d671-11ee-b9ca-f211c001c5ca_26260716.jpg",
      "categories": [
        "DROGERIE A KOSMETIKA",
        "PÉČE O PLEŤ"
      ],
      "prices": [
        {
          "store_name": "Albert",
          "price": 54.9,
          "original_price": null,
          "unit_price": 10980.0,
          "unit": "Kg",
          "package_size": "5 g",
          "condition": null
        }
      ],
      "description": null
    },
    {
      "name": "Albert Paprika mletá sladká",
      "brand": "Albert",
      "product_url": "https://wolt.com/cs/cze/prague/venue/albert-vinohradska/albert-paprika-mleta-sladka-itemid-64ca0b7cba162577de488369",
      "image_url": "https://imageproxy.wolt.com/menu/menu-images/64ffec4406cca0140dfab831/d927f170-8ec3-11ee-b326-5e4be69f0c6c_27427774.jpg",
      "categories": [
        "TRVANLIVÉ",
        "KOŘENÍ A OCHUCOVADLA"
      ],
      "prices": [
        {
          "store_name": "Albert",
          "price": 30.9,
          "original_price": null,
          "unit_price": 309.0,
          "unit": "Kg",
          "package_size": "100 g",
          "condition": null
        }
      ],
      "description": null
    },
    {
      "name": "Boneco Majonéza",
      "brand": "Boneco",
      "product_url": "https://wolt.com/cs/cze/prague/venue/albert-vinohradska/boneco-majoneza-itemid-681b5abffcbd67bf7a8f49d3",
      "image_url": "https://imageproxy.wolt.com/menu/menu-images/63ad795db242366d1f818f36/bcea8302-2b47-11f0-a79d-9e278bf1636b_27967614.jpg",
      "categories": [
        "MLÉČNÉ A CHLAZENÉ",
        "MAJONÉZY A TATARKY"
      ],
      "prices": [
        {
          "store_name": "Albert",
          "price": 89.9,
          "original_price": null,
          "unit_price": 179.8,
          "unit": "l",
          "package_size": "500 ml",
          "condition": null
        }
      ],
      "description": null
    },
    {
      "name": "Segafredo Intermezzo zrnková káva",
      "brand": "Segafredo",
      "product_url": "https://wolt.com/cs/cze/prague/venue/albert-vinohradska/segafredo-intermezzo-zrnkova-kava-itemid-681b5abffcbd67bf7a8f4ac7",
      "image_url": "https://imageproxy.wolt.com/menu/menu-images/63ad795db242366d1f818f36/fa13372e-2b47-11f0-8c4f-8ac8cf714c1b_27980422.jpg",
      "categories": [
        "NÁPOJE",
        "KÁVA A ČAJ"
      ],
      "prices": [
        {
          "store_name": "Albert",
          "price": 399.0,
          "original_price": null,
          "unit_price": 399.0,
          "unit": "Kg",
          "package_size": "1 kg",
          "condition": null
        }
      ],
      "description": null
    },
    {
      "name": "Gustona Limetková šťáva",
      "brand": "Gustona",
      "product_url": "https://wolt.com/cs/cze/prague/venue/albert-vinohradska/gustona-limetkova-stava-itemid-6601e303855bf8084aa81f1d",
      "image_url": "https://imageproxy.wolt.com/menu/menu-images/63ad795db242366d1f818f36/a126346c-8e26-11f0-8a9d-2a94239dae72_27799154.jpg",
      "categories": [
        "DOMÁCNOST A ZAHRADA",
        "KUCHYŇSKÉ POTŘEBY"
      ],
      "prices": [
        {
          "store_name": "Albert",
          "price": 12.9,
          "original_price": null,
          "unit_price": 64.5,
          "unit": "l",
          "package_size": "200 ml",
          "condition": null
        }
      ],
      "description": null
    },
    {
      "name": "Limety",
      "brand": "Limety",
      "product_url": "https://wolt.com/cs/cze/prague/venue/albert-vinohradska/limety-itemid-64ca0b7cba162577de48866f",
      "image_url": "https://imageproxy.wolt.com/menu/menu-images/64ffec4406cca0140dfab831/00c6dbc0-8eb4-11ee-8551-7a99d2fb2f9f_25225501.jpg",
      "categories": [
        "OVOCE A ZELENINA",
        "OVOCE"
      ],
      "prices": [
        {
          "store_name": "Albert",
          "price": 11.9,
          "original_price": null,
          "unit_price": 11.9,
          "unit": "ks",
          "package_size": "‪1‬ kus",
          "condition": null
        }
      ],
      "description": null
    },
    {
      "name": "Nature's Promise Šťáva pomeranč,mango a marakuja",
      "brand": "Nature's Promise",
      "product_url": "https://wolt.com/cs/cze/prague/venue/albert-vinohradska/nature-s-promise-stava-pomeranc-mango-a-marakuja-itemid-64ca0b7cba162577de489ac0",
      "image_url": "https://imageproxy.wolt.com/menu/menu-images/63ad795db242366d1f818f36/3dfa201c-7826-11f0-8270-fe9ea56c605a_26486147.jpg",
      "categories": [
        "NÁPOJE",
        "DŽUSY A NEKTARY"
      ],
      "prices": [
        {
          "store_name": "Albert",
          "price": 34.9,
          "original_price": null,
          "unit_price": 139.6,
          "unit": "l",
          "package_size": "250 ml",
          "condition": null
        }
      ],
      "description": null
    },
    {
      "name": "Okurky mini",
      "brand": null,
      "product_url": "https://wolt.com/cs/cze/prague/venue/albert-vinohradska/okurky-mini-itemid-64ca0b7cba162577de48871d",
      "image_url": "https://imageproxy.wolt.com/menu/menu-images/64ffec4406cca0140dfab831/6d7fb91c-8eaf-11ee-8534-62e43ee7e863_23310223.jpg",
      "categories": [
        "OVOCE A ZELENINA",
        "ZELENINA"
      ],
      "prices": [
        {
          "store_name": "Albert",
          "price": 39.9,
          "original_price": null,
          "unit_price": 159.6,
          "unit": "Kg",
          "package_size": "250 g",
          "condition": "Vyprodáno"
        }
      ],
      "description": null
    },
    {
      "name": "Tatra Smetana ke šlehání 30%",
      "brand": "Tatra",
      "product_url": "https://wolt.com/cs/cze/prague/venue/albert-vinohradska/tatra-smetana-ke-slehani-30-itemid-657233256818b938df948691",
      "image_url": "https://imageproxy.wolt.com/menu/menu-images/64ffec4406cca0140dfab831/0022bbba-8eb1-11ee-9721-3ed0b25e551d_24179850.jpg",
      "categories": [
        "MLÉČNÉ A CHLAZENÉ",
        "MLÉČNÉ NÁPOJE"
      ],
      "prices": [
        {
          "store_name": "Albert",
          "price": 31.9,
          "original_price": null,
          "unit_price": 159.5,
          "unit": "l",
          "package_size": "200 ml",
          "condition": null
        }
      ],
      "description": null
    },
    {
      "name": "Mrkev sladká Mrkev sladká",
      "brand": null,
      "product_url": "https://wolt.com/cs/cze/prague/venue/albert-vinohradska/mrkev-sladka-mrkev-sladka-itemid-64ca0b7cba162577de4884dd",
      "image_url": "https://imageproxy.wolt.com/menu/menu-images/64ffec4406cca0140dfab831/78ea9466-8ebe-11ee-abbe-cae320ae1b7e_27033203.jpg",
      "categories": [
        "OVOCE A ZELENINA",
        "ZELENINA"
      ],
      "prices": [
        {
          "store_name": "Albert",
          "price": 29.9,
          "original_price": null,
          "unit_price": 149.5,
          "unit": "Kg",
          "package_size": "200 g",
          "condition": null
        }
      ],
      "description": null
    },
    {
      "name": "Nature's Promise Bio Šťáva růžový grapefruit",
      "brand": "Nature's Promise",
      "product_url": "https://wolt.com/cs/cze/prague/venue/albert-vinohradska/nature-s-promise-bio-stava-ruzovy-grapefruit-itemid-64ca0b7cba162577de48978b",
      "image_url": "https://imageproxy.wolt.com/menu/menu-images/63ad795db242366d1f818f36/b33bb9c6-aef6-11ee-8ef8-faa34944cd77_27466094.jpg",
      "categories": [
        "NÁPOJE",
        "DŽUSY A NEKTARY"
      ],
      "prices": [
        {
          "store_name": "Albert",
          "price": 129.9,
          "original_price": null,
          "unit_price": 129.9,
          "unit": "l",
          "package_size": "1 l",
          "condition": null
        }
      ],
      "description": null
    },
    {
      "name": "Hašlerky Extra silné",
      "brand": "Hašlerky",
      "product_url": "https://wolt.com/cs/cze/prague/venue/albert-vinohradska/haslerky-extra-silne-itemid-64ca0b7cba162577de4895d9",
      "image_url": "https://imageproxy.wolt.com/menu/menu-images/6745ec28c3b7723db3588430/0bd9b41a-da6b-11f0-a5e6-2ee746ad4dec_20318246.jpg",
      "categories": [
        "TRVANLIVÉ",
        "SLADKOSTI"
      ],
      "prices": [
        {
          "store_name": "Albert",
          "price": 19.9,
          "original_price": null,
          "unit_price": 221.11,
          "unit": "Kg",
          "package_size": "90 g",
          "condition": null
        }
      ],
      "description": null
    },
    {
      "name": "Dr. Oetker Zdobení",
      "brand": "Dr. Oetker",
      "product_url": "https://wolt.com/cs/cze/prague/venue/albert-vinohradska/dr-oetker-zdobeni-itemid-64ca0b7cba162577de489e16",
      "image_url": "https://imageproxy.wolt.com/menu/menu-images/63ad795db242366d1f818f36/f8a14d7a-a8e9-11f0-91d4-b63c53e8f125_23390652.jpg",
      "categories": [
        "TRVANLIVÉ",
        "PEČENÍ A VAŘENÍ"
      ],
      "prices": [
        {
          "store_name": "Albert",
          "price": 38.9,
          "original_price": null,
          "unit_price": 486.25,
          "unit": "Kg",
          "package_size": "80 g",
          "condition": null
        }
      ],
      "description": null
    },
    {
      "name": "Albert Sýr na gril Hellenikos",
      "brand": "Albert",
      "product_url": "https://wolt.com/cs/cze/prague/venue/albert-vinohradska/albert-syr-na-gril-hellenikos-itemid-64ca0b7cba162577de4893e6",
      "image_url": "https://imageproxy.wolt.com/menu/menu-images/64ffec4406cca0140dfab831/4efb17ba-8ec9-11ee-99fb-02b883a3ca29_27746370.jpg",
      "categories": [
        "MLÉČNÉ A CHLAZENÉ",
        "SÝRY"
      ],
      "prices": [
        {
          "store_name": "Albert",
          "price": 72.9,
          "original_price": null,
          "unit_price": 364.5,
          "unit": "Kg",
          "package_size": "200 g",
          "condition": null
        }
      ],
      "description": null
    },
    {
      "name": "Albert Excellent Tapas 3 druhy",
      "brand": "Albert Excellent",
      "product_url": "https://wolt.com/cs/cze/prague/venue/albert-vinohradska/albert-excellent-tapas-3-druhy-itemid-64ca0b7cba162577de48943f",
      "image_url": "https://imageproxy.wolt.com/menu/menu-images/63ad795db242366d1f818f36/975700ae-be3e-11f0-83d7-2aae08339d60_26626048.jpg",
      "categories": [
        "UZENINY A LAHŮDKY",
        "SALÁMY"
      ],
      "prices": [
        {
          "store_name": "Albert",
          "price": 89.9,
          "original_price": null,
          "unit_price": 749.17,
          "unit": "Kg",
          "package_size": "120 g",
          "condition": null
        }
      ],
      "description": null
    },
    {
      "name": "Terra Creta Extra panenský olivový olej",
      "brand": "Terra",
      "product_url": "https://wolt.com/cs/cze/prague/venue/albert-vinohradska/terra-creta-extra-panensky-olivovy-olej-itemid-64ca0b7cba162577de489c26",
      "image_url": "https://imageproxy.wolt.com/menu/menu-images/64ffec4406cca0140dfab831/7273e1ce-8eb3-11ee-a3b3-b287692f5450_25048278.jpg",
      "categories": [
        "TRVANLIVÉ",
        "OLEJE A OCTY"
      ],
      "prices": [
        {
          "store_name": "Albert",
          "price": 289.0,
          "original_price": null,
          "unit_price": 578.0,
          "unit": "l",
          "package_size": "500 ml",
          "condition": null
        }
      ],
      "description": null
    },
    {
      "name": "Fa Mystic Moments Deodorant sprej",
      "brand": "Fa",
      "product_url": "https://wolt.com/cs/cze/prague/venue/albert-vinohradska/fa-mystic-moments-deodorant-sprej-itemid-64ca0b7cba162577de489f59",
      "image_url": "https://imageproxy.wolt.com/menu/menu-images/63ad795db242366d1f818f36/051629cc-a8ea-11f0-87fa-322f080faa26_25158649.jpg",
      "categories": [
        "DROGERIE A KOSMETIKA",
        "DEODORANTY"
      ],
      "prices": [
        {
          "store_name": "Albert",
          "price": 69.9,
          "original_price": null,
          "unit_price": 466.0,
          "unit": "l",
          "package_size": "150 ml",
          "condition": null
        }
      ],
      "description": null
    },
    {
      "name": "Wrigleys Airwaves žvýkačky Extreme",
      "brand": "Wrigleys",
      "product_url": "https://wolt.com/cs/cze/prague/venue/albert-vinohradska/wrigleys-airwaves-zvykacky-extreme-itemid-64ca0b7cba162577de488a7b",
      "image_url": "https://imageproxy.wolt.com/menu/menu-images/64ffec4406cca0140dfab831/06fbfa82-8ebb-11ee-9faf-662d260bbeaa_26728209.jpg",
      "categories": [
        "TRVANLIVÉ",
        "SLADKOSTI"
      ],
      "prices": [
        {
          "store_name": "Albert",
          "price": 74.9,
          "original_price": null,
          "unit_price": 1170.31,
          "unit": "Kg",
          "package_size": "64 g",
          "condition": null
        }
      ],
      "description": null
    },
    {
      "name": "Italat Mascarpone",
      "brand": "Italat",
      "product_url": "https://wolt.com/cs/cze/prague/venue/albert-vinohradska/italat-mascarpone-itemid-64ca0b7cba162577de489093",
      "image_url": "https://imageproxy.wolt.com/menu/menu-images/64ffec4406cca0140dfab831/92b44c10-8eb5-11ee-abdb-8e50ebf9f3ec_25580631.jpg",
      "categories": [
        "MLÉČNÉ A CHLAZENÉ",
        "SÝRY"
      ],
      "prices": [
        {
          "store_name": "Albert",
          "price": 79.9,
          "original_price": null,
          "unit_price": 399.5,
          "unit": "Kg",
          "package_size": "200 g",
          "condition": null
        }
      ],
      "description": null
    },
    {
      "name": "Opavia Zlaté Polomáčené Mini sušenky mléčné",
      "brand": "Opavia",
      "product_url": "https://wolt.com/cs/cze/prague/venue/albert-vinohradska/opavia-zlate-polomacene-mini-susenky-mlecne-itemid-64ca0b7cba162577de489808",
      "image_url": "https://imageproxy.wolt.com/menu/menu-images/64ffec4406cca0140dfab831/241a9a1a-8eb6-11ee-adf4-e6fbf8d3c3b0_25698800.jpg",
      "categories": [
        "TRVANLIVÉ",
        "SLADKOSTI"
      ],
      "prices": [
        {
          "store_name": "Albert",
          "price": 33.9,
          "original_price": null,
          "unit_price": 233.79,
          "unit": "Kg",
          "package_size": "145 g",
          "condition": null
        }
      ],
      "description": null
    },
    {
      "name": "Pribináček vanilka",
      "brand": "Pribináček",
      "product_url": "https://wolt.com/cs/cze/prague/venue/albert-vinohradska/pribinacek-vanilka-itemid-64ca0b7cba162577de48854f",
      "image_url": "https://imageproxy.wolt.com/menu/menu-images/63ad795db242366d1f818f36/d05015fe-25b3-11f0-894b-763398b703c7_20293901.jpg",
      "categories": [
        "MLÉČNÉ A CHLAZENÉ",
        "JOGURTY A DEZERTY"
      ],
      "prices": [
        {
          "store_name": "Albert",
          "price": 15.9,
          "original_price": null,
          "unit_price": 227.14,
          "unit": "Kg",
          "package_size": "70 g",
          "condition": null
        }
      ],
      "description": null
    },
    {
      "name": "Víno Motýl Tramín červený",
      "brand": "Víno",
      "product_url": "https://wolt.com/cs/cze/prague/venue/albert-vinohradska/vino-motyl-tramin-cerveny-itemid-657233256818b938df947de1",
      "image_url": "https://imageproxy.wolt.com/menu/menu-images/64ffec4406cca0140dfab831/b8eaa0e8-8eb3-11ee-9af9-2a867062f6f7_25117578.jpg",
      "categories": [
        "NÁPOJE",
        "VÍNA"
      ],
      "prices": [
        {
          "store_name": "Albert",
          "price": null,
          "original_price": null,
          "unit_price": 93.2,
          "unit": "l",
          "package_size": "750 ml, 12,5% alc",
          "condition": "Sleva, 18+"
        }
      ],
      "description": null
    },
    {
      "name": "Rama Classic",
      "brand": "Rama",
      "product_url": "https://wolt.com/cs/cze/prague/venue/albert-vinohradska/rama-classic-itemid-64ca0b7cba162577de489a25",
      "image_url": "https://imageproxy.wolt.com/menu/menu-images/63ad795db242366d1f818f36/6ddd6a60-f0d1-11ee-9e07-f65b4abbae8a_27299524.jpg",
      "categories": [
        "MLÉČNÉ A CHLAZENÉ",
        "MÁSLO A TUKY"
      ],
      "prices": [
        {
          "store_name": "Albert",
          "price": null,
          "original_price": null,
          "unit_price": 124.75,
          "unit": "Kg",
          "package_size": "400 g",
          "condition": "Sleva"
        }
      ],
      "description": null
    },
    {
      "name": "Casato Pinot Grigio Valda",
      "brand": "Casato",
      "product_url": "https://wolt.com/cs/cze/prague/venue/albert-vinohradska/casato-pinot-grigio-valda-itemid-657233256818b938df948237",
      "image_url": "https://imageproxy.wolt.com/menu/menu-images/64ffec4406cca0140dfab831/d078a9e6-8ec0-11ee-969f-5e4e081b1cfc_27198285.jpg",
      "categories": [
        "NÁPOJE",
        "VÍNA"
      ],
      "prices": [
        {
          "store_name": "Albert",
          "price": 259.0,
          "original_price": null,
          "unit_price": 345.33,
          "unit": "l",
          "package_size": "750 ml, 13% alc",
          "condition": "18+"
        }
      ],
      "description": null
    },
    {
      "name": "First Class Paštika pro kočky s lososem",
      "brand": "First",
      "product_url": "https://wolt.com/cs/cze/prague/venue/albert-vinohradska/first-class-pastika-pro-kocky-s-lososem-itemid-6601fb74f1df377369a80ab8",
      "image_url": "https://imageproxy.wolt.com/menu/menu-images/6601c613e48d1c8d95333085/45987210-eae2-11ee-8af7-0af811d5ce2c_22910233.jpg",
      "categories": [
        "ZVÍŘATA",
        "KOČKY"
      ],
      "prices": [
        {
          "store_name": "Albert",
          "price": 19.9,
          "original_price": null,
          "unit_price": 199.0,
          "unit": "Kg",
          "package_size": "100 g",
          "condition": null
        }
      ],
      "description": null
    },
    {
      "name": "Albert Mléko polotučné 1,5% trvanlivé",
      "brand": "Albert",
      "product_url": "https://wolt.com/cs/cze/prague/venue/albert-vinohradska/albert-mleko-polotucne-1-5-trvanlive-itemid-64ca0b7cba162577de48817b",
      "image_url": "https://imageproxy.wolt.com/menu/menu-images/63ad795db242366d1f818f36/8c3cea76-be3e-11f0-bbcc-12e4a57876b7_23329652.jpg",
      "categories": [
        "MLÉČNÉ A CHLAZENÉ",
        "MLÉČNÉ NÁPOJE"
      ],
      "prices": [
        {
          "store_name": "Albert",
          "price": 21.9,
          "original_price": null,
          "unit_price": 21.9,
          "unit": "l",
          "package_size": "1 l",
          "condition": null
        }
      ],
      "description": null
    },
    {
      "name": "Toblerone mléčná čokoláda",
      "brand": "Toblerone",
      "product_url": "https://wolt.com/cs/cze/prague/venue/albert-vinohradska/toblerone-mlecna-cokolada-itemid-64ca0b7cba162577de48909d",
      "image_url": "https://imageproxy.wolt.com/menu/menu-images/63ad795db242366d1f818f36/63faf5dc-9796-11ef-b12c-aa0c5d07fcb9_25250770.jpg",
      "categories": [
        "TRVANLIVÉ",
        "SLADKOSTI"
      ],
      "prices": [
        {
          "store_name": "Albert",
          "price": 34.9,
          "original_price": null,
          "unit_price": 997.14,
          "unit": "Kg",
          "package_size": "35 g",
          "condition": null
        }
      ],
      "description": null
    },
    {
      "name": "Jar Lemon prostředek na mytí nádobí",
      "brand": "Jar",
      "product_url": "https://wolt.com/cs/cze/prague/venue/albert-vinohradska/jar-lemon-prostredek-na-myti-nadobi-itemid-64ca0b7cba162577de488e3f",
      "image_url": "https://imageproxy.wolt.com/menu/menu-images/63ad795db242366d1f818f36/07ec7dea-66b0-11ef-8ab3-7a680dd77f2b_23696358.jpg",
      "categories": [
        "DROGERIE A KOSMETIKA",
        "MYTÍ NÁDOBÍ"
      ],
      "prices": [
        {
          "store_name": "Albert",
          "price": 79.9,
          "original_price": null,
          "unit_price": 88.78,
          "unit": "l",
          "package_size": "900 ml",
          "condition": null
        }
      ],
      "description": null
    },
    {
      "name": "Galbani Mozzarella mini",
      "brand": "Galbani",
      "product_url": "https://wolt.com/cs/cze/prague/venue/albert-vinohradska/galbani-mozzarella-mini-itemid-64ca0b7cba162577de48859f",
      "image_url": "https://imageproxy.wolt.com/menu/menu-images/63ad795db242366d1f818f36/7838f8c4-bbe4-11ef-9598-6af1b2e0b29c_25379112.jpg",
      "categories": [
        "MLÉČNÉ A CHLAZENÉ",
        "SÝRY"
      ],
      "prices": [
        {
          "store_name": "Albert",
          "price": null,
          "original_price": null,
          "unit_price": 252.67,
          "unit": "Kg",
          "package_size": "150 g",
          "condition": "Sleva"
        }
      ],
      "description": null
    },
    {
      "name": "Kinder Pack Maxi King",
      "brand": "Kinder",
      "product_url": "https://wolt.com/cs/cze/prague/venue/albert-vinohradska/kinder-pack-maxi-king-itemid-64ca0b7cba162577de4892a6",
      "image_url": "https://imageproxy.wolt.com/menu/menu-images/64ffec4406cca0140dfab831/8cc073f8-8ebd-11ee-9ac1-5eb9bb96d91f_26951089.jpg",
      "categories": [
        "MLÉČNÉ A CHLAZENÉ",
        "JOGURTY A DEZERTY"
      ],
      "prices": [
        {
          "store_name": "Albert",
          "price": null,
          "original_price": null,
          "unit_price": 599.05,
          "unit": "Kg",
          "package_size": "105 g",
          "condition": "Sleva"
        }
      ],
      "description": null
    },
    {
      "name": "Lagris Fazole bílá velká",
      "brand": "Lagris",
      "product_url": "https://wolt.com/cs/cze/prague/venue/albert-vinohradska/lagris-fazole-bila-velka-itemid-64ca0b7cba162577de489c61",
      "image_url": "https://imageproxy.wolt.com/menu/menu-images/64ffec4406cca0140dfab831/8d285f4c-8eac-11ee-9444-0ad9bf6baf5b_20313340.jpg",
      "categories": [
        "TRVANLIVÉ",
        "RÝŽE A VAŘENÍ"
      ],
      "prices": [
        {
          "store_name": "Albert",
          "price": 49.9,
          "original_price": null,
          "unit_price": 110.89,
          "unit": "Kg",
          "package_size": "450 g",
          "condition": null
        }
      ],
      "description": null
    },
    {
      "name": "Smetanový jogurt čokoláda",
      "brand": "Smetanový",
      "product_url": "https://wolt.com/cs/cze/prague/venue/albert-vinohradska/smetanovy-jogurt-cokolada-itemid-64ca0b7cba162577de4885f1",
      "image_url": "https://imageproxy.wolt.com/menu/menu-images/64ffec4406cca0140dfab831/1186ac4a-8eac-11ee-9224-c27bf70975f2_20294083.jpg",
      "categories": [
        "MLÉČNÉ A CHLAZENÉ",
        "JOGURTY A DEZERTY"
      ],
      "prices": [
        {
          "store_name": "Albert",
          "price": null,
          "original_price": null,
          "unit_price": 79.33,
          "unit": "Kg",
          "package_size": "150 g",
          "condition": "Sleva"
        }
      ],
      "description": null
    },
    {
      "name": "Česká chuť Šunka nejvyšší jakosti",
      "brand": "Česká chuť",
      "product_url": "https://wolt.com/cs/cze/prague/venue/albert-vinohradska/ceska-chut-sunka-nejvyssi-jakosti-itemid-64ca0b7cba162577de488299",
      "image_url": "https://imageproxy.wolt.com/menu/menu-images/64ffec4406cca0140dfab831/b291757e-8ebc-11ee-b3f4-c60fee242f1d_26863092.jpg",
      "categories": [
        "UZENINY A LAHŮDKY",
        "ŠUNKY A SLANINY"
      ],
      "prices": [
        {
          "store_name": "Albert",
          "price": 33.9,
          "original_price": null,
          "unit_price": 423.75,
          "unit": "Kg",
          "package_size": "80 g",
          "condition": null
        }
      ],
      "description": null
    },
    {
      "name": "Penam Toustový chléb světlý, krájený",
      "brand": "Penam",
      "product_url": "https://wolt.com/cs/cze/prague/venue/albert-vinohradska/penam-toustovy-chleb-svetly-krajeny-itemid-64ca0b7cba162577de489007",
      "image_url": "https://imageproxy.wolt.com/menu/menu-images/64ffec4406cca0140dfab831/ac5c6762-8eae-11ee-bb0a-96106fe39af5_22685773.jpg",
      "categories": [
        "PEKÁRNA A CUKRÁRNA",
        "CHLÉB BALENÝ"
      ],
      "prices": [
        {
          "store_name": "Albert",
          "price": 34.9,
          "original_price": null,
          "unit_price": 69.8,
          "unit": "Kg",
          "package_size": "500 g",
          "condition": null
        }
      ],
      "description": null
    },
    {
      "name": "Nature's Promise Bio Penne celozrnné",
      "brand": "Nature's Promise",
      "product_url": "https://wolt.com/cs/cze/prague/venue/albert-vinohradska/nature-s-promise-bio-penne-celozrnne-itemid-64ca0b7cba162577de48a703",
      "image_url": "https://imageproxy.wolt.com/menu/menu-images/63ad795db242366d1f818f36/867f7808-8e26-11f0-84ac-922ef6605bb7_27459614.jpg",
      "categories": [
        "TRVANLIVÉ",
        "TĚSTOVINY A KUSKUS"
      ],
      "prices": [
        {
          "store_name": "Albert",
          "price": 27.9,
          "original_price": null,
          "unit_price": 69.75,
          "unit": "Kg",
          "package_size": "400 g",
          "condition": null
        }
      ],
      "description": null
    },
    {
      "name": "Le Coq Sex on the Beach Koktejl 4,7%",
      "brand": "Le Coq",
      "product_url": "https://wolt.com/cs/cze/prague/venue/albert-vinohradska/le-coq-sex-on-the-beach-koktejl-4-7-itemid-657233256818b938df947a18",
      "image_url": "https://imageproxy.wolt.com/menu/menu-images/64ffec4406cca0140dfab831/dd78387c-8ec1-11ee-97b9-6aec994b6205_27265482.jpg",
      "categories": [
        "NÁPOJE",
        "LIHOVINY"
      ],
      "prices": [
        {
          "store_name": "Albert",
          "price": 44.9,
          "original_price": null,
          "unit_price": 136.06,
          "unit": "l",
          "package_size": "330 ml, 4,7% alc",
          "condition": "18+"
        }
      ],
      "description": null
    },
    {
      "name": "Indulona měsíčková krém na ruce",
      "brand": "Indulona",
      "product_url": "https://wolt.com/cs/cze/prague/venue/albert-vinohradska/indulona-mesickova-krem-na-ruce-itemid-64ca0b7cba162577de488f7b",
      "image_url": "https://imageproxy.wolt.com/menu/menu-images/63ad795db242366d1f818f36/ff7b2e70-ed43-11ef-a243-aaf9cf1e82a0_26411965.jpg",
      "categories": [
        "DROGERIE A KOSMETIKA",
        "PÉČE O PLEŤ"
      ],
      "prices": [
        {
          "store_name": "Albert",
          "price": 59.9,
          "original_price": null,
          "unit_price": 798.67,
          "unit": "l",
          "package_size": "75 ml",
          "condition": null
        }
      ],
      "description": null
    },
    {
      "name": "Božkov Originál 37,5%",
      "brand": "Božkov",
      "product_url": "https://wolt.com/cs/cze/prague/venue/albert-vinohradska/bozkov-original-37-5-itemid-64ca0b7cba162577de48946d",
      "image_url": "https://imageproxy.wolt.com/menu/menu-images/64ffec4406cca0140dfab831/74bb3e38-8ebc-11ee-8c4e-fea1896da317_26845098.jpg",
      "categories": [
        "NÁPOJE",
        "LIHOVINY"
      ],
      "prices": [
        {
          "store_name": "Albert",
          "price": 199.0,
          "original_price": null,
          "unit_price": 284.29,
          "unit": "l",
          "package_size": "700 ml, 37,5% alc",
          "condition": "18+"
        }
      ],
      "description": null
    },
    {
      "name": "Emma Tykev jádra",
      "brand": "Emma",
      "product_url": "https://wolt.com/cs/cze/prague/venue/albert-vinohradska/emma-tykev-jadra-itemid-64ca0b7cba162577de489707",
      "image_url": "https://imageproxy.wolt.com/menu/menu-images/63ad795db242366d1f818f36/c6537314-ed43-11ef-99ac-962dfd259aaa_23712232.jpg",
      "categories": [
        "OVOCE A ZELENINA",
        "SUCHÉ PLODY"
      ],
      "prices": [
        {
          "store_name": "Albert",
          "price": 29.9,
          "original_price": null,
          "unit_price": 299.0,
          "unit": "Kg",
          "package_size": "100 g",
          "condition": null
        }
      ],
      "description": null
    },
    {
      "name": "Gran cucina Rostlinný krém",
      "brand": "Gran",
      "product_url": "https://wolt.com/cs/cze/prague/venue/albert-vinohradska/gran-cucina-rostlinny-krem-itemid-64ca0b7cba162577de489b80",
      "image_url": "https://imageproxy.wolt.com/menu/menu-images/64ffec4406cca0140dfab831/75b25f0a-8eae-11ee-bd8f-9efff91d0ab5_22412652.jpg",
      "categories": [
        "MLÉČNÉ A CHLAZENÉ",
        "SMETANY A ŠLEHAČKY"
      ],
      "prices": [
        {
          "store_name": "Albert",
          "price": 49.9,
          "original_price": null,
          "unit_price": 249.5,
          "unit": "l",
          "package_size": "200 ml",
          "condition": null
        }
      ],
      "description": null
    },
    {
      "name": "Becherovka Original bylinný likér 38%",
      "brand": "Becherovka",
      "product_url": "https://wolt.com/cs/cze/prague/venue/albert-vinohradska/becherovka-original-bylinny-liker-38-itemid-64ca0b7cba162577de48887f",
      "image_url": "https://imageproxy.wolt.com/menu/menu-images/64ffec4406cca0140dfab831/983d80e2-8eac-11ee-a56c-1a0ff625fca8_20315672.jpg",
      "categories": [
        "NÁPOJE",
        "LIHOVINY"
      ],
      "prices": [
        {
          "store_name": "Albert",
          "price": 259.0,
          "original_price": null,
          "unit_price": 370.0,
          "unit": "l",
          "package_size": "700 ml, 38% alc",
          "condition": "18+"
        }
      ],
      "description": null
    },
    {
      "name": "Nature's Promise Eco Kuchyňské utěrky",
      "brand": "Nature's Promise",
      "product_url": "https://wolt.com/cs/cze/prague/venue/albert-vinohradska/nature-s-promise-eco-kuchynske-uterky-itemid-64ca0b7cba162577de489009",
      "image_url": "https://imageproxy.wolt.com/menu/menu-images/63ad795db242366d1f818f36/1fa09e4c-bbe4-11ef-9b7a-eebf7ef310d7_27499696.jpg",
      "categories": [
        "DROGERIE A KOSMETIKA",
        "PAPÍROVÁ HYGIENA"
      ],
      "prices": [
        {
          "store_name": "Albert",
          "price": null,
          "original_price": null,
          "unit_price": 0.83,
          "unit": "ks",
          "package_size": "‪24‬ kusů",
          "condition": "Sleva"
        }
      ],
      "description": null
    },
    {
      "name": "Birell Světlý nealkoholický",
      "brand": "Birell",
      "product_url": "https://wolt.com/cs/cze/prague/venue/albert-vinohradska/birell-svetly-nealkoholicky-itemid-64ca0b7cba162577de4884cb",
      "image_url": "https://imageproxy.wolt.com/menu/menu-images/63ad795db242366d1f818f36/4171486a-0608-11ef-a499-16d21d607294_24893879.jpg",
      "categories": [
        "NÁPOJE",
        "PIVA"
      ],
      "prices": [
        {
          "store_name": "Albert",
          "price": 22.9,
          "original_price": null,
          "unit_price": 45.8,
          "unit": "l",
          "package_size": "500 ml, 0,5% alc",
          "condition": null
        }
      ],
      "description": null
    },
    {
      "name": "Tuc Bake Rolls sůl",
      "brand": "Tuc",
      "product_url": "https://wolt.com/cs/cze/prague/venue/albert-vinohradska/tuc-bake-rolls-sul-itemid-64ca0b7cba162577de489878",
      "image_url": "https://imageproxy.wolt.com/menu/menu-images/63ad795db242366d1f818f36/fbd4881c-7825-11f0-9948-4ea7ecf79006_23495302.jpg",
      "categories": [
        "TRVANLIVÉ",
        "SLANÉ"
      ],
      "prices": [
        {
          "store_name": "Albert",
          "price": 28.9,
          "original_price": null,
          "unit_price": 361.25,
          "unit": "Kg",
          "package_size": "80 g",
          "condition": null
        }
      ],
      "description": null
    },
    {
      "name": "Kubík Ovocná kapsička jablko, banán, jahoda",
      "brand": "Kubík",
      "product_url": "https://wolt.com/cs/cze/prague/venue/albert-vinohradska/kubik-ovocna-kapsicka-jablko-banan-jahoda-itemid-64ca0b7cba162577de4894d8",
      "image_url": "https://imageproxy.wolt.com/menu/menu-images/64ffec4406cca0140dfab831/ee0816ae-8eb6-11ee-8f1c-7a99d2fb2f9f_25862690.jpg",
      "categories": [
        "DÍTĚ",
        "VÝŽIVA"
      ],
      "prices": [
        {
          "store_name": "Albert",
          "price": 9.9,
          "original_price": null,
          "unit_price": 99.0,
          "unit": "Kg",
          "package_size": "100 g",
          "condition": null
        }
      ],
      "description": null
    },
    {
      "name": "Hamé Vepřové ve vlastní šťávě",
      "brand": "Hamé",
      "product_url": "https://wolt.com/cs/cze/prague/venue/albert-vinohradska/hame-veprove-ve-vlastni-stave-itemid-64ca0b7cba162577de489e76",
      "image_url": "https://imageproxy.wolt.com/menu/menu-images/64ffec4406cca0140dfab831/7b1a81f8-8ead-11ee-82db-5a1fea813fd4_20787059.jpg",
      "categories": [
        "TRVANLIVÉ",
        "KONZERVOVANÉ POTR."
      ],
      "prices": [
        {
          "store_name": "Albert",
          "price": 95.9,
          "original_price": null,
          "unit_price": 399.58,
          "unit": "Kg",
          "package_size": "240 g",
          "condition": null
        }
      ],
      "description": null
    },
    {
      "name": "Gustona Červená řepa plátky",
      "brand": "Gustona",
      "product_url": "https://wolt.com/cs/cze/prague/venue/albert-vinohradska/gustona-cervena-repa-platky-itemid-64ca0b7cba162577de48942a",
      "image_url": "https://imageproxy.wolt.com/menu/menu-images/63ad795db242366d1f818f36/71e13a14-0608-11ef-85fe-465f92d5e66c_25842685.jpg",
      "categories": [
        "TRVANLIVÉ",
        "KONZERVOVANÉ POTR."
      ],
      "prices": [
        {
          "store_name": "Albert",
          "price": 29.9,
          "original_price": null,
          "unit_price": 76.67,
          "unit": "Kg",
          "package_size": "390 g",
          "condition": null
        }
      ],
      "description": null
    },
    {
      "name": "Bonavita Müsli jahoda a čokoláda",
      "brand": "Bonavita",
      "product_url": "https://wolt.com/cs/cze/prague/venue/albert-vinohradska/bonavita-musli-jahoda-a-cokolada-itemid-64ca0b7cba162577de488a29",
      "image_url": "https://imageproxy.wolt.com/menu/menu-images/64ffec4406cca0140dfab831/680b00d6-8eb9-11ee-b052-f6f59196df47_26422749.jpg",
      "categories": [
        "TRVANLIVÉ",
        "MÜSLI A CEREÁLIE"
      ],
      "prices": [
        {
          "store_name": "Albert",
          "price": 115.9,
          "original_price": null,
          "unit_price": 165.57,
          "unit": "Kg",
          "package_size": "700 g",
          "condition": null
        }
      ],
      "description": null
    },
    {
      "name": "Vrbátky Cukr moučka",
      "brand": "Vrbátky",
      "product_url": "https://wolt.com/cs/cze/prague/venue/albert-vinohradska/vrbatky-cukr-moucka-itemid-64ca0b7cba162577de4882f5",
      "image_url": "https://imageproxy.wolt.com/menu/menu-images/64ffec4406cca0140dfab831/a73c6218-8eaf-11ee-9428-12ad6b72684e_23438231.jpg",
      "categories": [
        "TRVANLIVÉ",
        "PEČENÍ A VAŘENÍ"
      ],
      "prices": [
        {
          "store_name": "Albert",
          "price": 19.9,
          "original_price": null,
          "unit_price": 19.9,
          "unit": "Kg",
          "package_size": "1 kg",
          "condition": null
        }
      ],
      "description": null
    },
    {
      "name": "Lipton Černý čaj Yellow label",
      "brand": "Lipton",
      "product_url": "https://wolt.com/cs/cze/prague/venue/albert-vinohradska/liptoncernycaj-yellowlabel-itemid-64ca0b7cba162577de489ff9",
      "image_url": "https://imageproxy.wolt.com/menu/menu-images/63ad795db242366d1f818f36/25fcdb3a-7826-11f0-a008-7e2a275a3c73_25753578.jpg",
      "categories": [
        "NÁPOJE",
        "KÁVA A ČAJ"
      ],
      "prices": [
        {
          "store_name": "Albert",
          "price": 175.0,
          "original_price": null,
          "unit_price": 875.0,
          "unit": "Kg",
          "package_size": "200 g",
          "condition": null
        }
      ],
      "description": null
    },
    {
      "name": "Gouda uleželá plátky",
      "brand": "Gouda",
      "product_url": "https://wolt.com/cs/cze/prague/venue/albert-vinohradska/gouda-ulezela-platky-itemid-64ca0b7cba162577de489b44",
      "image_url": "https://imageproxy.wolt.com/menu/menu-images/64ffec4406cca0140dfab831/083611b0-8ec2-11ee-a61e-a6a3ffeff3c6_27276358.jpg",
      "categories": [
        "MLÉČNÉ A CHLAZENÉ",
        "SÝRY"
      ],
      "prices": [
        {
          "store_name": "Albert",
          "price": 99.9,
          "original_price": null,
          "unit_price": 399.6,
          "unit": "Kg",
          "package_size": "250 g",
          "condition": null
        }
      ],
      "description": null
    },
    {
      "name": "Albert Cottage cheese natur",
      "brand": "Albert",
      "product_url": "https://wolt.com/cs/cze/prague/venue/albert-vinohradska/albert-cottage-cheese-natur-itemid-64ca0b7cba162577de48901d",
      "image_url": "https://imageproxy.wolt.com/menu/menu-images/64ffec4406cca0140dfab831/f8a76ffe-8ec7-11ee-9948-4eeff7c63e9c_27692783.jpg",
      "categories": [
        "MLÉČNÉ A CHLAZENÉ",
        "SÝRY"
      ],
      "prices": [
        {
          "store_name": "Albert",
          "price": 26.9,
          "original_price": null,
          "unit_price": 134.5,
          "unit": "Kg",
          "package_size": "200 g",
          "condition": "Vyprodáno"
        }
      ],
      "description": null
    },
    {
      "name": "Habánské sklepy Svatovavřinecké",
      "brand": "Habánské sklepy",
      "product_url": "https://wolt.com/cs/cze/prague/venue/albert-vinohradska/habanske-sklepy-svatovavrinecke-itemid-64ca0b7cba162577de489752",
      "image_url": "https://imageproxy.wolt.com/menu/menu-images/64ffec4406cca0140dfab831/a0632a5e-8eae-11ee-b069-4e1b0e3e674e_22634153.jpg",
      "categories": [
        "NÁPOJE",
        "VÍNA"
      ],
      "prices": [
        {
          "store_name": "Albert",
          "price": 119.9,
          "original_price": null,
          "unit_price": 159.87,
          "unit": "l",
          "package_size": "750 ml, 12,5% alc",
          "condition": "18+"
        }
      ],
      "description": null
    },
    {
      "name": "Česká chuť Čerstvý sýr",
      "brand": "Česká chuť",
      "product_url": "https://wolt.com/cs/cze/prague/venue/albert-vinohradska/ceska-chut-cerstvy-syr-itemid-64ca0b7cba162577de48822b",
      "image_url": "https://imageproxy.wolt.com/menu/menu-images/63ad795db242366d1f818f36/79ff6608-cca1-11ee-b879-26b35f7cac78_27100646.jpg",
      "categories": [
        "MLÉČNÉ A CHLAZENÉ",
        "SÝRY"
      ],
      "prices": [
        {
          "store_name": "Albert",
          "price": 19.9,
          "original_price": null,
          "unit_price": 199.0,
          "unit": "Kg",
          "package_size": "100 g",
          "condition": null
        }
      ],
      "description": null
    },
    {
      "name": "Chio Tortillas Salt",
      "brand": "Chio",
      "product_url": "https://wolt.com/cs/cze/prague/venue/albert-vinohradska/chio-tortillas-salt-itemid-6601e266c12b19d4ba65980f",
      "image_url": "https://imageproxy.wolt.com/menu/menu-images/6601c613e48d1c8d95333085/c5a21202-eae4-11ee-b57c-82fdea1e0d7d_27690055.jpg",
      "categories": [
        "TRVANLIVÉ",
        "SLANÉ"
      ],
      "prices": [
        {
          "store_name": "Albert",
          "price": 49.9,
          "original_price": null,
          "unit_price": 453.64,
          "unit": "Kg",
          "package_size": "110 g",
          "condition": null
        }
      ],
      "description": null
    },
    {
      "name": "Coccolino aviváž Blue Splash",
      "brand": "Coccolino",
      "product_url": "https://wolt.com/cs/cze/prague/venue/albert-vinohradska/coccolino-avivaz-blue-splash-itemid-64ca0b7cba162577de4894a4",
      "image_url": "https://imageproxy.wolt.com/menu/menu-images/64ffec4406cca0140dfab831/75532326-92e3-11ee-a622-f6715309c94c_25921748.jpg",
      "categories": [
        "DROGERIE A KOSMETIKA",
        "PRACÍ PROSTŘEDKY"
      ],
      "prices": [
        {
          "store_name": "Albert",
          "price": 119.9,
          "original_price": null,
          "unit_price": 1.76,
          "unit": "ks",
          "package_size": "‪68‬ kusů",
          "condition": null
        }
      ],
      "description": null
    },
    {
      "name": "Albert Tatarská omáčka",
      "brand": "Albert",
      "product_url": "https://wolt.com/cs/cze/prague/venue/albert-vinohradska/albert-tatarska-omacka-itemid-64ca0b7cba162577de48954f",
      "image_url": "https://imageproxy.wolt.com/menu/menu-images/64ffec4406cca0140dfab831/ab4a192c-8eb9-11ee-afd7-96ff514b0205_26471693.jpg",
      "categories": [
        "MLÉČNÉ A CHLAZENÉ",
        "MAJONÉZY A TATARKY"
      ],
      "prices": [
        {
          "store_name": "Albert",
          "price": 29.9,
          "original_price": null,
          "unit_price": 119.6,
          "unit": "l",
          "package_size": "250 ml",
          "condition": null
        }
      ],
      "description": null
    },
    {
      "name": "Kinder Chocolate čokoláda s mléčnou náplní",
      "brand": "Kinder",
      "product_url": "https://wolt.com/cs/cze/prague/venue/albert-vinohradska/kinder-chocolate-cokolada-s-mlecnou-naplni-itemid-64ca0b7cba162577de488485",
      "image_url": "https://imageproxy.wolt.com/menu/menu-images/63ad795db242366d1f818f36/1e0913e8-4e4d-11ef-9179-7e668aa06cc6_20318390.jpg",
      "categories": [
        "TRVANLIVÉ",
        "SLADKOSTI"
      ],
      "prices": [
        {
          "store_name": "Albert",
          "price": 49.9,
          "original_price": null,
          "unit_price": 499.0,
          "unit": "Kg",
          "package_size": "100 g",
          "condition": null
        }
      ],
      "description": null
    },
    {
      "name": "Emma Ovesná kaše jablko se skořicí",
      "brand": "Emma",
      "product_url": "https://wolt.com/cs/cze/prague/venue/albert-vinohradska/emma-ovesna-kase-jablko-se-skorici-itemid-64ca0b7cba162577de48899d",
      "image_url": "https://imageproxy.wolt.com/menu/menu-images/63ad795db242366d1f818f36/a07be14e-aef6-11ee-81d4-96740a3fc7ec_26255354.jpg",
      "categories": [
        "TRVANLIVÉ",
        "MÜSLI A CEREÁLIE"
      ],
      "prices": [
        {
          "store_name": "Albert",
          "price": 9.9,
          "original_price": null,
          "unit_price": 152.31,
          "unit": "Kg",
          "package_size": "65 g",
          "condition": null
        }
      ],
      "description": null
    },
    {
      "name": "Tatra Kravík kakaový",
      "brand": "Tatra",
      "product_url": "https://wolt.com/cs/cze/prague/venue/albert-vinohradska/tatra-kravik-kakaovy-itemid-64ca0b7cba162577de488afb",
      "image_url": "https://imageproxy.wolt.com/menu/menu-images/64ffec4406cca0140dfab831/eec81a3c-8eaf-11ee-9a21-f6745e48ee46_23583580.jpg",
      "categories": [
        "MLÉČNÉ A CHLAZENÉ",
        "MLÉČNÉ NÁPOJE"
      ],
      "prices": [
        {
          "store_name": "Albert",
          "price": 20.9,
          "original_price": null,
          "unit_price": 83.6,
          "unit": "l",
          "package_size": "250 ml",
          "condition": null
        }
      ],
      "description": null
    },
    {
      "name": "Schär Pan Blanco Chléb bílý krájený, bez lepku",
      "brand": "Schär",
      "product_url": "https://wolt.com/cs/cze/prague/venue/albert-vinohradska/schar-pan-blanco-chleb-bily-krajeny-bez-lepku-itemid-64ca0b7cba162577de488fc0",
      "image_url": "https://imageproxy.wolt.com/menu/menu-images/64ffec4406cca0140dfab831/1a824fb8-8ebe-11ee-8e41-024d5631d362_26990231.jpg",
      "categories": [
        "PEKÁRNA A CUKRÁRNA",
        "BEZLEPKOVÉ PEČIVO"
      ],
      "prices": [
        {
          "store_name": "Albert",
          "price": null,
          "original_price": null,
          "unit_price": 179.6,
          "unit": "Kg",
          "package_size": "250 g",
          "condition": "Sleva"
        }
      ],
      "description": null
    },
    {
      "name": "Nature's Promise Tofu marinované",
      "brand": "Nature's Promise",
      "product_url": "https://wolt.com/cs/cze/prague/venue/albert-vinohradska/nature-s-promise-tofu-marinovane-itemid-64ca0b7cba162577de488ced",
      "image_url": "https://imageproxy.wolt.com/menu/menu-images/64ffec4406cca0140dfab831/46d21df2-8ebc-11ee-8993-62c80973176d_26830735.jpg",
      "categories": [
        "MLÉČNÉ A CHLAZENÉ",
        "ROSTLINNÉ PRODUKTY"
      ],
      "prices": [
        {
          "store_name": "Albert",
          "price": null,
          "original_price": null,
          "unit_price": null,
          "unit": null,
          "package_size": null,
          "condition": "Sleva, Vyprodáno"
        }
      ],
      "description": null
    },
    {
      "name": "Vitana Bobkový list celý sušený",
      "brand": "Vitana",
      "product_url": "https://wolt.com/cs/cze/prague/venue/albert-vinohradska/vitana-bobkovy-list-cely-suseny-itemid-64ca0b7cba162577de4890a9",
      "image_url": "https://imageproxy.wolt.com/menu/menu-images/64ffec4406cca0140dfab831/b9a22054-8eba-11ee-9114-76d18bdc0849_26684581.jpg",
      "categories": [
        "TRVANLIVÉ",
        "KOŘENÍ A OCHUCOVADLA"
      ],
      "prices": [
        {
          "store_name": "Albert",
          "price": 19.9,
          "original_price": null,
          "unit_price": 6633.33,
          "unit": "Kg",
          "package_size": "3 g",
          "condition": null
        }
      ],
      "description": null
    },
    {
      "name": "Jar Clean & Fresh Pomegranate na nádobí",
      "brand": "Jar",
      "product_url": "https://wolt.com/cs/cze/prague/venue/albert-vinohradska/jar-clean-fresh-pomegranate-na-nadobi-itemid-64ca0b7cba162577de488d35",
      "image_url": "https://imageproxy.wolt.com/menu/menu-images/63ad795db242366d1f818f36/69e4e5ac-9796-11ef-abf1-6a041ee1e26d_25133608.jpg",
      "categories": [
        "DROGERIE A KOSMETIKA",
        "MYTÍ NÁDOBÍ"
      ],
      "prices": [
        {
          "store_name": "Albert",
          "price": 79.9,
          "original_price": null,
          "unit_price": 88.78,
          "unit": "l",
          "package_size": "900 ml",
          "condition": null
        }
      ],
      "description": null
    },
    {
      "name": "Schweppes Citrus Mix",
      "brand": "Schweppes",
      "product_url": "https://wolt.com/cs/cze/prague/venue/albert-vinohradska/schweppes-citrus-mix-itemid-6601f2bef0f9d316a6e68615",
      "image_url": "https://imageproxy.wolt.com/menu/menu-images/6601c613e48d1c8d95333085/bb03c6d0-eae2-11ee-b98e-d6ce440b79c5_25527735.jpg",
      "categories": [
        "NÁPOJE",
        "LIMONÁDY"
      ],
      "prices": [
        {
          "store_name": "Albert",
          "price": 39.9,
          "original_price": null,
          "unit_price": 26.6,
          "unit": "l",
          "package_size": "1,5 l",
          "condition": null
        }
      ],
      "description": null
    },
    {
      "name": "Sunar Snack jablečné kroužky",
      "brand": "Sunar",
      "product_url": "https://wolt.com/cs/cze/prague/venue/albert-vinohradska/sunar-snack-jablecne-krouzky-itemid-64ca0b7cba162577de488dcd",
      "image_url": "https://imageproxy.wolt.com/menu/menu-images/64ffec4406cca0140dfab831/27130202-8eb6-11ee-9d9b-9e446d541704_25702880.jpg",
      "categories": [
        "DÍTĚ",
        "VÝŽIVA"
      ],
      "prices": [
        {
          "store_name": "Albert",
          "price": 29.9,
          "original_price": null,
          "unit_price": 598.0,
          "unit": "Kg",
          "package_size": "50 g",
          "condition": "Vyprodáno"
        }
      ],
      "description": null
    },
    {
      "name": "Albert Chléb lámankový, krájený",
      "brand": "Albert",
      "product_url": "https://wolt.com/cs/cze/prague/venue/albert-vinohradska/albert-chleb-lamankovy-krajeny-itemid-64ca0b7cba162577de488599",
      "image_url": "https://imageproxy.wolt.com/menu/menu-images/64ffec4406cca0140dfab831/752a8004-8eb2-11ee-bcf3-5a7762fb688d_24764704.jpg",
      "categories": [
        "PEKÁRNA A CUKRÁRNA",
        "CHLÉB BALENÝ"
      ],
      "prices": [
        {
          "store_name": "Albert",
          "price": null,
          "original_price": null,
          "unit_price": 65.8,
          "unit": "Kg",
          "package_size": "500 g",
          "condition": "Sleva"
        }
      ],
      "description": null
    },
    {
      "name": "Axe Black Sprchový gel 3v1 na tělo vlasy a tvář",
      "brand": "Axe",
      "product_url": "https://wolt.com/cs/cze/prague/venue/albert-vinohradska/axe-black-sprchovy-gel-3v1-na-telo-vlasy-a-tvar-itemid-660206bd94050a8f4a45893b",
      "image_url": "https://imageproxy.wolt.com/menu/menu-images/6601c613e48d1c8d95333085/0a1d7130-eae3-11ee-8a19-f2c1f47dde5c_26302744.jpg",
      "categories": [
        "DROGERIE A KOSMETIKA",
        "MÝDLA A GELY"
      ],
      "prices": [
        {
          "store_name": "Albert",
          "price": 129.9,
          "original_price": null,
          "unit_price": 324.75,
          "unit": "l",
          "package_size": "400 ml",
          "condition": null
        }
      ],
      "description": null
    },
    {
      "name": "Orion Studentská pečeť mléčná hruška",
      "brand": "Orion",
      "product_url": "https://wolt.com/cs/cze/prague/venue/albert-vinohradska/orion-studentska-pecet-mlecna-hruska-itemid-64ca0b7cba162577de4880e9",
      "image_url": "https://imageproxy.wolt.com/menu/menu-images/63ad795db242366d1f818f36/8042bafa-bbe4-11ef-b6e9-e66497569e6d_24984409.jpg",
      "categories": [
        "TRVANLIVÉ",
        "SLADKOSTI"
      ],
      "prices": [
        {
          "store_name": "Albert",
          "price": 69.9,
          "original_price": null,
          "unit_price": 411.18,
          "unit": "Kg",
          "package_size": "170 g",
          "condition": null
        }
      ],
      "description": null
    },
    {
      "name": "Ben & Jerry's Dulce de-lish Sundae zmrzlina",
      "brand": "Ben & Jerry's",
      "product_url": "https://wolt.com/cs/cze/prague/venue/albert-vinohradska/ben-jerry-s-dulce-de-lish-sundae-zmrzlina-itemid-6876153a0c6218e9f3e5f486",
      "image_url": "https://imageproxy.wolt.com/menu/menu-images/64b62ec5e5ab70cdc92e30f0/2e6131f4-616f-11f0-bb0a-3a4e4072eb6b_27822333.jpg",
      "categories": [
        "MRAŽENÉ POTRAVINY",
        "ZMRZLINA A NANUKY"
      ],
      "prices": [
        {
          "store_name": "Albert",
          "price": 243.0,
          "original_price": null,
          "unit_price": 694.29,
          "unit": "Kg",
          "package_size": "350 g",
          "condition": null
        }
      ],
      "description": null
    },
    {
      "name": "Hello Šťáva 100% jablko, pomeranč, mrkev",
      "brand": "Hello",
      "product_url": "https://wolt.com/cs/cze/prague/venue/albert-vinohradska/hello-stava-100-jablko-pomeranc-mrkev-itemid-64ca0b7cba162577de48826d",
      "image_url": "https://imageproxy.wolt.com/menu/menu-images/64ffec4406cca0140dfab831/6d7689a2-8eb7-11ee-9776-f676b94e1855_25931969.jpg",
      "categories": [
        "NÁPOJE",
        "DŽUSY A NEKTARY"
      ],
      "prices": [
        {
          "store_name": "Albert",
          "price": 39.9,
          "original_price": null,
          "unit_price": 39.9,
          "unit": "l",
          "package_size": "1 l",
          "condition": null
        }
      ],
      "description": null
    },
    {
      "name": "RUF Prášek do pečiva",
      "brand": "RUF",
      "product_url": "https://wolt.com/cs/cze/prague/venue/albert-vinohradska/ruf-prasek-do-peciva-itemid-6601e1f0b0339ec009dfa935",
      "image_url": "https://imageproxy.wolt.com/menu/menu-images/6601c613e48d1c8d95333085/d2285fce-eae2-11ee-af17-2edd8cd7a8cc_25675337.jpg",
      "categories": [
        "TRVANLIVÉ",
        "PEČENÍ A VAŘENÍ"
      ],
      "prices": [
        {
          "store_name": "Albert",
          "price": 17.9,
          "original_price": null,
          "unit_price": 198.89,
          "unit": "Kg",
          "package_size": "90 g",
          "condition": null
        }
      ],
      "description": null
    },
    {
      "name": "Opavia BeBe Dobré ráno kakaové méně cukru",
      "brand": "Opavia",
      "product_url": "https://wolt.com/cs/cze/prague/venue/albert-vinohradska/opavia-bebe-dobre-rano-kakaove-mene-cukru-itemid-64ca0b7cba162577de48942d",
      "image_url": "https://imageproxy.wolt.com/menu/menu-images/63ad795db242366d1f818f36/bc89fa58-f8ef-11ef-b066-126a5b84a5e2_24191043.jpg",
      "categories": [
        "TRVANLIVÉ",
        "SLADKOSTI"
      ],
      "prices": [
        {
          "store_name": "Albert",
          "price": null,
          "original_price": null,
          "unit_price": 238.0,
          "unit": "Kg",
          "package_size": "50 g",
          "condition": "Sleva"
        }
      ],
      "description": null
    },
    {
      "name": "Emma Konopné semínko",
      "brand": "Emma",
      "product_url": "https://wolt.com/cs/cze/prague/venue/albert-vinohradska/emma-konopne-seminko-itemid-64ca0b7cba162577de488ae9",
      "image_url": "https://imageproxy.wolt.com/menu/menu-images/63ad795db242366d1f818f36/e5162116-ed43-11ef-b87c-9e4250c13a7a_25787115.jpg",
      "categories": [
        "OVOCE A ZELENINA",
        "SUCHÉ PLODY"
      ],
      "prices": [
        {
          "store_name": "Albert",
          "price": 39.9,
          "original_price": null,
          "unit_price": 399.0,
          "unit": "Kg",
          "package_size": "100 g",
          "condition": null
        }
      ],
      "description": null
    },
    {
      "name": "Gusto Kukuřičné křupky Mega surprise",
      "brand": "Gusto",
      "product_url": "https://wolt.com/cs/cze/prague/venue/albert-vinohradska/gusto-kukuricne-krupky-mega-surprise-itemid-64ca0b7cba162577de48a37a",
      "image_url": "https://imageproxy.wolt.com/menu/menu-images/64ffec4406cca0140dfab831/18c651e4-8ec1-11ee-87da-a6924885d1bf_27214510.jpg",
      "categories": [
        "TRVANLIVÉ",
        "SLANÉ"
      ],
      "prices": [
        {
          "store_name": "Albert",
          "price": 34.9,
          "original_price": null,
          "unit_price": 581.67,
          "unit": "Kg",
          "package_size": "60 g",
          "condition": null
        }
      ],
      "description": null
    },
    {
      "name": "Emma Ovesná kaše s jahodami",
      "brand": "Emma",
      "product_url": "https://wolt.com/cs/cze/prague/venue/albert-vinohradska/emmaovesna-kase-s-jahodami-itemid-681b5abffcbd67bf7a8f49fe",
      "image_url": "https://imageproxy.wolt.com/menu/menu-images/63ad795db242366d1f818f36/5e7cf0c0-2b47-11f0-928c-ee60b9491742_27812587.jpg",
      "categories": [
        "TRVANLIVÉ",
        "MÜSLI A CEREÁLIE"
      ],
      "prices": [
        {
          "store_name": "Albert",
          "price": 9.9,
          "original_price": null,
          "unit_price": 152.31,
          "unit": "Kg",
          "package_size": "65 g",
          "condition": null
        }
      ],
      "description": null
    },
    {
      "name": "Albert Sýrové nitě uzené",
      "brand": "Albert",
      "product_url": "https://wolt.com/cs/cze/prague/venue/albert-vinohradska/albert-syrove-nite-uzene-itemid-64ca0b7cba162577de48a69e",
      "image_url": "https://imageproxy.wolt.com/menu/menu-images/64ffec4406cca0140dfab831/8b24342e-8ec9-11ee-ab67-e22a145dbeeb_27749845.jpg",
      "categories": [
        "MLÉČNÉ A CHLAZENÉ",
        "SÝRY"
      ],
      "prices": [
        {
          "store_name": "Albert",
          "price": 34.9,
          "original_price": null,
          "unit_price": 349.0,
          "unit": "Kg",
          "package_size": "100 g",
          "condition": null
        }
      ],
      "description": null
    },
    {
      "name": "Sanytol Gel dezinfekční na ruce",
      "brand": "Sanytol",
      "product_url": "https://wolt.com/cs/cze/prague/venue/albert-vinohradska/sanytol-gel-dezinfekcni-na-ruce-itemid-64ca0b7cba162577de48a344",
      "image_url": "https://imageproxy.wolt.com/menu/menu-images/64ffec4406cca0140dfab831/ebc8ed64-8ec0-11ee-8adc-963b628c98c7_27201053.jpg",
      "categories": [
        "DROGERIE A KOSMETIKA",
        "MÝDLA A GELY"
      ],
      "prices": [
        {
          "store_name": "Albert",
          "price": 93.9,
          "original_price": null,
          "unit_price": 1252.0,
          "unit": "l",
          "package_size": "75 ml",
          "condition": null
        }
      ],
      "description": null
    },
    {
      "name": "Albert Salát Fresco mix",
      "brand": "Albert",
      "product_url": "https://wolt.com/cs/cze/prague/venue/albert-vinohradska/albert-salat-fresco-mix-itemid-64ca0b7cba162577de4881a3",
      "image_url": "https://imageproxy.wolt.com/menu/menu-images/64ffec4406cca0140dfab831/c1dbd6fe-8ec7-11ee-8436-f20dec45ea3c_27676097.jpg",
      "categories": [
        "OVOCE A ZELENINA",
        "ZELENINA"
      ],
      "prices": [
        {
          "store_name": "Albert",
          "price": 36.9,
          "original_price": null,
          "unit_price": 263.57,
          "unit": "Kg",
          "package_size": "140 g",
          "condition": null
        }
      ],
      "description": null
    },
    {
      "name": "Franz Josef Kaiser Olivy plněné lososovou pastou",
      "brand": "Franz Josef Kaiser",
      "product_url": "https://wolt.com/cs/cze/prague/venue/albert-vinohradska/franz-josef-kaiser-olivy-plnene-lososovou-pastou-itemid-64ca0b7cba162577de489e28",
      "image_url": "https://imageproxy.wolt.com/menu/menu-images/64ffec4406cca0140dfab831/939f3326-8eb3-11ee-acfa-662d260bbeaa_25078077.jpg",
      "categories": [
        "TRVANLIVÉ",
        "KONZERVOVANÉ POTR."
      ],
      "prices": [
        {
          "store_name": "Albert",
          "price": 54.9,
          "original_price": null,
          "unit_price": 422.31,
          "unit": "Kg",
          "package_size": "130 g",
          "condition": null
        }
      ],
      "description": null
    },
    {
      "name": "Elmex Kids Dětská zubní pasta",
      "brand": "Elmex",
      "product_url": "https://wolt.com/cs/cze/prague/venue/albert-vinohradska/elmex-kids-detska-zubni-pasta-itemid-64ca0b7cba162577de489c2c",
      "image_url": "https://imageproxy.wolt.com/menu/menu-images/63ad795db242366d1f818f36/0de5a40a-168e-11ef-8d51-068af6762624_24104173.jpg",
      "categories": [
        "DROGERIE A KOSMETIKA",
        "ÚSTNÍ HYGIENA"
      ],
      "prices": [
        {
          "store_name": "Albert",
          "price": 99.9,
          "original_price": null,
          "unit_price": 1998.0,
          "unit": "l",
          "package_size": "50 ml",
          "condition": null
        }
      ],
      "description": null
    },
    {
      "name": "Zlomek&Vávra &Spritz",
      "brand": "Zlomek&Vávra",
      "product_url": "https://wolt.com/cs/cze/prague/venue/albert-vinohradska/zlomek-vavra-spritz-itemid-657233256818b938df94789d",
      "image_url": "https://imageproxy.wolt.com/menu/menu-images/64ffec4406cca0140dfab831/7841fc6a-8ec9-11ee-b772-b649ab0f849e_27749333.jpg",
      "categories": [
        "NÁPOJE",
        "VÍNA"
      ],
      "prices": [
        {
          "store_name": "Albert",
          "price": 49.9,
          "original_price": null,
          "unit_price": 199.6,
          "unit": "l",
          "package_size": "250 ml, 7,5% alc",
          "condition": "18+"
        }
      ],
      "description": null
    },
    {
      "name": "Nature's Promise Šťáva jablko, hruška a malina",
      "brand": "Nature's Promise",
      "product_url": "https://wolt.com/cs/cze/prague/venue/albert-vinohradska/nature-s-promise-stava-jablko-hruska-a-malina-itemid-64ca0b7cba162577de489a82",
      "image_url": "https://imageproxy.wolt.com/menu/menu-images/64ffec4406cca0140dfab831/c6110220-8eb9-11ee-9129-7a99d2fb2f9f_26486161.jpg",
      "categories": [
        "NÁPOJE",
        "DŽUSY A NEKTARY"
      ],
      "prices": [
        {
          "store_name": "Albert",
          "price": 49.9,
          "original_price": null,
          "unit_price": 99.8,
          "unit": "l",
          "package_size": "500 ml",
          "condition": null
        }
      ],
      "description": null
    },
    {
      "name": "Naturella Ultra Night vložky s křidélky",
      "brand": "Naturella",
      "product_url": "https://wolt.com/cs/cze/prague/venue/albert-vinohradska/naturella-ultra-night-vlozky-s-kridelky-itemid-6601e0f64cd0cfc726dcfc5b",
      "image_url": "https://imageproxy.wolt.com/menu/menu-images/6601c613e48d1c8d95333085/f4cc52fa-eae3-11ee-b052-0a322dd571ff_27311868.jpg",
      "categories": [
        "DROGERIE A KOSMETIKA",
        "DÁMSKÉ HYG. POTŘEBY"
      ],
      "prices": [
        {
          "store_name": "Albert",
          "price": 94.9,
          "original_price": null,
          "unit_price": 6.78,
          "unit": "ks",
          "package_size": "‪14‬ kusů",
          "condition": null
        }
      ],
      "description": null
    },
    {
      "name": "Albert Směs s brokolicí",
      "brand": "Albert",
      "product_url": "https://wolt.com/cs/cze/prague/venue/albert-vinohradska/albert-smes-s-brokolici-itemid-6876153a0c6218e9f3e5f411",
      "image_url": "https://imageproxy.wolt.com/menu/menu-images/64b62ec5e5ab70cdc92e30f0/e759ffca-616e-11f0-bd6f-b2551ebe6466_24343886.jpg",
      "categories": [
        "MRAŽENÉ POTRAVINY",
        "MRAŽENÉ OVOCE A ZELENINA"
      ],
      "prices": [
        {
          "store_name": "Albert",
          "price": 31.9,
          "original_price": null,
          "unit_price": 91.14,
          "unit": "Kg",
          "package_size": "350 g",
          "condition": null
        }
      ],
      "description": null
    },
    {
      "name": "Teekanne Bylinný čaj Rooibos Caramel",
      "brand": "Teekanne",
      "product_url": "https://wolt.com/cs/cze/prague/venue/albert-vinohradska/teekanne-bylinny-caj-rooibos-caramel-itemid-64ca0b7cba162577de48969b",
      "image_url": "https://imageproxy.wolt.com/menu/menu-images/64ffec4406cca0140dfab831/aeaf9f2a-8ebd-11ee-b71f-024004d5d6b2_26958927.jpg",
      "categories": [
        "NÁPOJE",
        "KÁVA A ČAJ"
      ],
      "prices": [
        {
          "store_name": "Albert",
          "price": 44.9,
          "original_price": null,
          "unit_price": 1282.86,
          "unit": "Kg",
          "package_size": "35 g",
          "condition": null
        }
      ],
      "description": null
    },
    {
      "name": "Nature's Promise Bio Chlebíčky rýžové nesolené",
      "brand": "Nature's Promise",
      "product_url": "https://wolt.com/cs/cze/prague/venue/albert-vinohradska/nature-s-promise-bio-chlebicky-ryzove-nesolene-itemid-66021ece4d26d7aada311785",
      "image_url": "https://imageproxy.wolt.com/menu/menu-images/6601c613e48d1c8d95333085/1900c682-eae5-11ee-87f2-aae3aea8b537_27780787.jpg",
      "categories": [
        "TRVANLIVÉ",
        "MÜSLI A CEREÁLIE"
      ],
      "prices": [
        {
          "store_name": "Albert",
          "price": 12.9,
          "original_price": null,
          "unit_price": 129.0,
          "unit": "Kg",
          "package_size": "100 g",
          "condition": null
        }
      ],
      "description": null
    },
    {
      "name": "HiPP Bio příkrm zelenina s krůtím masem",
      "brand": "HiPP",
      "product_url": "https://wolt.com/cs/cze/prague/venue/albert-vinohradska/hipp-bio-prikrm-zelenina-s-krutim-masem-itemid-66020c5e926c402cccea5641",
      "image_url": "https://imageproxy.wolt.com/menu/menu-images/6601c613e48d1c8d95333085/5296ecc6-eae2-11ee-9010-c27cc33af372_23329553.jpg",
      "categories": [
        "DÍTĚ",
        "VÝŽIVA"
      ],
      "prices": [
        {
          "store_name": "Albert",
          "price": 52.9,
          "original_price": null,
          "unit_price": 240.45,
          "unit": "Kg",
          "package_size": "220 g",
          "condition": null
        }
      ],
      "description": null
    },
    {
      "name": "Albert Sýr Gold s pepřem a chilli plátky",
      "brand": "Albert",
      "product_url": "https://wolt.com/cs/cze/prague/venue/albert-vinohradska/albert-syr-gold-s-peprem-a-chilli-platky-itemid-64ca0b7cba162577de489860",
      "image_url": "https://imageproxy.wolt.com/menu/menu-images/64ffec4406cca0140dfab831/02fc4fd2-8ebf-11ee-8e14-4a6028ff4aea_27085523.jpg",
      "categories": [
        "MLÉČNÉ A CHLAZENÉ",
        "SÝRY"
      ],
      "prices": [
        {
          "store_name": "Albert",
          "price": 58.9,
          "original_price": null,
          "unit_price": 392.67,
          "unit": "Kg",
          "package_size": "150 g",
          "condition": null
        }
      ],
      "description": null
    },
    {
      "name": "Meloun vodní mini",
      "brand": "Meloun",
      "product_url": "https://wolt.com/cs/cze/prague/venue/albert-vinohradska/meloun-vodni-mini-itemid-68b4adb58d23ab2116a50a1c",
      "image_url": "https://imageproxy.wolt.com/menu/menu-images/6666a3a295b96e9eba377ef3/e46e5962-04c3-11f0-8d59-56aa69450384_26340425.jpg",
      "categories": [
        "OVOCE A ZELENINA",
        "OVOCE"
      ],
      "prices": [
        {
          "store_name": "Albert",
          "price": 83.86,
          "original_price": null,
          "unit_price": null,
          "unit": null,
          "package_size": "~1,4 kg",
          "condition": null
        }
      ],
      "description": null
    },
    {
      "name": "Ondoliva Olivový olej extra panenský",
      "brand": "Ondoliva",
      "product_url": "https://wolt.com/cs/cze/prague/venue/albert-vinohradska/ondoliva-olivovy-olej-extra-panensky-itemid-64ca0b7cba162577de48a09b",
      "image_url": "https://imageproxy.wolt.com/menu/menu-images/64ffec4406cca0140dfab831/895c78d4-8eb7-11ee-932f-1e9e4c6f0bda_25947304.jpg",
      "categories": [
        "TRVANLIVÉ",
        "OLEJE A OCTY"
      ],
      "prices": [
        {
          "store_name": "Albert",
          "price": 369.0,
          "original_price": null,
          "unit_price": 492.0,
          "unit": "l",
          "package_size": "750 ml",
          "condition": null
        }
      ],
      "description": null
    },
    {
      "name": "Česká chuť Feferony jemné",
      "brand": "Česká chuť",
      "product_url": "https://wolt.com/cs/cze/prague/venue/albert-vinohradska/ceska-chut-feferony-jemne-itemid-657233256818b938df9486c4",
      "image_url": "https://imageproxy.wolt.com/menu/menu-images/64ffec4406cca0140dfab831/f4931310-8ebc-11ee-b405-362f93bf1d5e_26890371.jpg",
      "categories": [
        "TRVANLIVÉ",
        "KONZERVOVANÉ POTR."
      ],
      "prices": [
        {
          "store_name": "Albert",
          "price": 59.9,
          "original_price": null,
          "unit_price": 203.05,
          "unit": "Kg",
          "package_size": "295 g",
          "condition": null
        }
      ],
      "description": null
    },
    {
      "name": "Volfas Engelman IPA",
      "brand": "Volfas",
      "product_url": "https://wolt.com/cs/cze/prague/venue/albert-vinohradska/volfas-engelman-ipa-itemid-657233256818b938df94857b",
      "image_url": "https://imageproxy.wolt.com/menu/menu-images/64ffec4406cca0140dfab831/bcf18f8a-8ebd-11ee-884d-362f93bf1d5e_26964324.jpg",
      "categories": [
        "NÁPOJE",
        "PIVA"
      ],
      "prices": [
        {
          "store_name": "Albert",
          "price": 41.9,
          "original_price": null,
          "unit_price": 73.77,
          "unit": "l",
          "package_size": "568 ml, 6% alc",
          "condition": "18+"
        }
      ],
      "description": null
    },
    {
      "name": "Dynybyl Violet Gin 37,5%",
      "brand": "Dynybyl",
      "product_url": "https://wolt.com/cs/cze/prague/venue/albert-vinohradska/dynybyl-violet-gin-37-5-itemid-64ca0b7cba162577de488c71",
      "image_url": "https://imageproxy.wolt.com/menu/menu-images/64ffec4406cca0140dfab831/ee205710-8ebf-11ee-a9c5-461ac7d1f05d_27146835.jpg",
      "categories": [
        "NÁPOJE",
        "LIHOVINY"
      ],
      "prices": [
        {
          "store_name": "Albert",
          "price": 219.0,
          "original_price": null,
          "unit_price": 438.0,
          "unit": "l",
          "package_size": "500 ml, 37,5% alc",
          "condition": "18+"
        }
      ],
      "description": null
    },
    {
      "name": "Nutella B-ready Oplatka s oříškovou pomazánkou",
      "brand": "Nutella",
      "product_url": "https://wolt.com/cs/cze/prague/venue/albert-vinohradska/nutella-b-ready-oplatka-s-oriskovou-pomazankou-itemid-64ca0b7cba162577de489a45",
      "image_url": "https://imageproxy.wolt.com/menu/menu-images/63ad795db242366d1f818f36/4682b352-7826-11f0-b638-2236a9b60f32_26788531.jpg",
      "categories": [
        "TRVANLIVÉ",
        "SLADKOSTI"
      ],
      "prices": [
        {
          "store_name": "Albert",
          "price": 39.9,
          "original_price": null,
          "unit_price": 906.82,
          "unit": "Kg",
          "package_size": "44 g",
          "condition": null
        }
      ],
      "description": null
    },
    {
      "name": "Spokar X Zubní kartáček Supersoft",
      "brand": "Spokar",
      "product_url": "https://wolt.com/cs/cze/prague/venue/albert-vinohradska/spokar-x-zubni-kartacek-supersoft-itemid-64ca0b7cba162577de48a288",
      "image_url": "https://imageproxy.wolt.com/menu/menu-images/64ffec4406cca0140dfab831/7d6f6f8a-8ebd-11ee-9511-0e9fc0f27358_26947037.jpg",
      "categories": [
        "DROGERIE A KOSMETIKA",
        "ÚSTNÍ HYGIENA"
      ],
      "prices": [
        {
          "store_name": "Albert",
          "price": 76.9,
          "original_price": null,
          "unit_price": 76.9,
          "unit": "ks",
          "package_size": "‪1‬ kus",
          "condition": null
        }
      ],
      "description": null
    },
    {
      "name": "Nature's Promise Burger čočkový",
      "brand": "Nature's Promise",
      "product_url": "https://wolt.com/cs/cze/prague/venue/albert-vinohradska/nature-s-promise-burger-cockovy-itemid-64ca0b7cba162577de489473",
      "image_url": "https://imageproxy.wolt.com/menu/menu-images/63ad795db242366d1f818f36/777a11e2-8e26-11f0-b192-863dfdfee9a4_27079805.jpg",
      "categories": [
        "MLÉČNÉ A CHLAZENÉ",
        "ROSTLINNÉ PRODUKTY"
      ],
      "prices": [
        {
          "store_name": "Albert",
          "price": null,
          "original_price": null,
          "unit_price": 199.5,
          "unit": "Kg",
          "package_size": "200 g",
          "condition": "Sleva"
        }
      ],
      "description": null
    },
    {
      "name": "Le & Co Krůtí šunka pro děti krájená",
      "brand": "Le & Co",
      "product_url": "https://wolt.com/cs/cze/prague/venue/albert-vinohradska/le-co-kruti-sunka-pro-deti-krajena-itemid-64ca0b7cba162577de4891d9",
      "image_url": "https://imageproxy.wolt.com/menu/menu-images/64ffec4406cca0140dfab831/be7b05e6-8eb5-11ee-9147-22a8008f3216_25617870.jpg",
      "categories": [
        "UZENINY A LAHŮDKY",
        "ŠUNKY A SLANINY"
      ],
      "prices": [
        {
          "store_name": "Albert",
          "price": 44.9,
          "original_price": null,
          "unit_price": 449.0,
          "unit": "Kg",
          "package_size": "100 g",
          "condition": null
        }
      ],
      "description": null
    },
    {
      "name": "Milka Mléčná čokoláda Bubbly s bublinkami",
      "brand": "Milka",
      "product_url": "https://wolt.com/cs/cze/prague/venue/albert-vinohradska/milka-mlecna-cokolada-bubbly-s-bublinkami-itemid-64ca0b7cba162577de488237",
      "image_url": "https://imageproxy.wolt.com/menu/menu-images/64ffec4406cca0140dfab831/828a50d6-8eb6-11ee-8a07-7a99d2fb2f9f_25769814.jpg",
      "categories": [
        "TRVANLIVÉ",
        "SLADKOSTI"
      ],
      "prices": [
        {
          "store_name": "Albert",
          "price": null,
          "original_price": null,
          "unit_price": 332.22,
          "unit": "Kg",
          "package_size": "90 g",
          "condition": "Sleva, Vyprodáno"
        }
      ],
      "description": null
    },
    {
      "name": "Tatra Grand Zahuštěné mléko neslazené",
      "brand": "Tatra",
      "product_url": "https://wolt.com/cs/cze/prague/venue/albert-vinohradska/tatra-grand-zahustene-mleko-neslazene-itemid-64ca0b7cba162577de4894a9",
      "image_url": "https://imageproxy.wolt.com/menu/menu-images/64ffec4406cca0140dfab831/7784f448-8eac-11ee-9d49-1ef82258dff4_20308292.jpg",
      "categories": [
        "MLÉČNÉ A CHLAZENÉ",
        "MLÉČNÉ NÁPOJE"
      ],
      "prices": [
        {
          "store_name": "Albert",
          "price": 49.9,
          "original_price": null,
          "unit_price": 160.97,
          "unit": "Kg",
          "package_size": "310 g",
          "condition": null
        }
      ],
      "description": null
    },
    {
      "name": "YO Sirup z bezových květů",
      "brand": "YO",
      "product_url": "https://wolt.com/cs/cze/prague/venue/albert-vinohradska/yo-sirup-z-bezovych-kvetu-itemid-64ca0b7cba162577de488433",
      "image_url": "https://imageproxy.wolt.com/menu/menu-images/64ffec4406cca0140dfab831/b063d29a-8eaf-11ee-8117-c21b45fc094b_23476905.jpg",
      "categories": [
        "NÁPOJE",
        "SIRUPY A KONCENTRÁTY"
      ],
      "prices": [
        {
          "store_name": "Albert",
          "price": 94.9,
          "original_price": null,
          "unit_price": 135.57,
          "unit": "l",
          "package_size": "700 ml",
          "condition": null
        }
      ],
      "description": null
    },
    {
      "name": "Corny Proteinová tyčinka arašídovo-kakaová náplň",
      "brand": "Corny",
      "product_url": "https://wolt.com/cs/cze/prague/venue/albert-vinohradska/corny-proteinova-tycinka-arasidovo-kakaova-napln-itemid-64ca0b7cba162577de4896c5",
      "image_url": "https://imageproxy.wolt.com/menu/menu-images/63ad795db242366d1f818f36/aa36aa48-5efa-11ef-9514-ce98af72c8bc_26623542.jpg",
      "categories": [
        "TRVANLIVÉ",
        "MÜSLI A CEREÁLIE"
      ],
      "prices": [
        {
          "store_name": "Albert",
          "price": null,
          "original_price": null,
          "unit_price": 854.29,
          "unit": "Kg",
          "package_size": "35 g",
          "condition": "Sleva"
        }
      ],
      "description": null
    },
    {
      "name": "Milko Žervé s pažitkou",
      "brand": "Milko",
      "product_url": "https://wolt.com/cs/cze/prague/venue/albert-vinohradska/milko-zerve-s-pazitkou-itemid-657233256818b938df948698",
      "image_url": "https://imageproxy.wolt.com/menu/menu-images/63ad795db242366d1f818f36/4633f42e-765b-11ef-9a69-fe207ba74ac3_26192543.jpg",
      "categories": [
        "MLÉČNÉ A CHLAZENÉ",
        "SÝRY"
      ],
      "prices": [
        {
          "store_name": "Albert",
          "price": 24.9,
          "original_price": null,
          "unit_price": 311.25,
          "unit": "Kg",
          "package_size": "80 g",
          "condition": null
        }
      ],
      "description": null
    },
    {
      "name": "Argola Jihočeský jogurt malina",
      "brand": "Argola",
      "product_url": "https://wolt.com/cs/cze/prague/venue/albert-vinohradska/argola-jihocesky-jogurt-malina-itemid-657233256818b938df947880",
      "image_url": "https://imageproxy.wolt.com/menu/menu-images/64ffec4406cca0140dfab831/5cd345f8-8eb3-11ee-94f7-c6aa6b123400_25017700.jpg",
      "categories": [
        "MLÉČNÉ A CHLAZENÉ",
        "JOGURTY A DEZERTY"
      ],
      "prices": [
        {
          "store_name": "Albert",
          "price": 28.9,
          "original_price": null,
          "unit_price": 144.5,
          "unit": "Kg",
          "package_size": "200 g",
          "condition": null
        }
      ],
      "description": null
    },
    {
      "name": "Gustona Rýže předvařená sáčková",
      "brand": "Gustona",
      "product_url": "https://wolt.com/cs/cze/prague/venue/albert-vinohradska/gustona-ryze-predvarena-sackova-itemid-64ca0b7cba162577de48869f",
      "image_url": "https://imageproxy.wolt.com/menu/menu-images/63ad795db242366d1f818f36/7f1b14ca-3213-11ef-84fa-cea7842939aa_27157978.jpg",
      "categories": [
        "TRVANLIVÉ",
        "RÝŽE A LUŠTENINY"
      ],
      "prices": [
        {
          "store_name": "Albert",
          "price": 21.9,
          "original_price": null,
          "unit_price": 54.75,
          "unit": "Kg",
          "package_size": "400 g",
          "condition": null
        }
      ],
      "description": null
    },
    {
      "name": "Jizerské pekárny Směs Jizerka přirozeně bezlep.",
      "brand": "Jizerské",
      "product_url": "https://wolt.com/cs/cze/prague/venue/albert-vinohradska/jizerske-pekarny-smes-jizerka-prirozene-bezlep-itemid-64ca0b7cba162577de4897c0",
      "image_url": "https://imageproxy.wolt.com/menu/menu-images/64ffec4406cca0140dfab831/98c55e7e-8eb4-11ee-aa95-9e446d541704_25362800.jpg",
      "categories": [
        "TRVANLIVÉ",
        "PEČENÍ A VAŘENÍ"
      ],
      "prices": [
        {
          "store_name": "Albert",
          "price": null,
          "original_price": null,
          "unit_price": 69.9,
          "unit": "Kg",
          "package_size": "1 kg",
          "condition": "Sleva"
        }
      ],
      "description": null
    },
    {
      "name": "Albert Kchyňská utěrka Jumbo, 2vrstvá",
      "brand": "Albert",
      "product_url": "https://wolt.com/cs/cze/prague/venue/albert-vinohradska/albert-kchynska-uterka-jumbo-2vrstva-itemid-64ca0b7cba162577de489412",
      "image_url": "https://imageproxy.wolt.com/menu/menu-images/64ffec4406cca0140dfab831/5ca36110-8eba-11ee-a13b-662d260bbeaa_26619583.jpg",
      "categories": [
        "DROGERIE A KOSMETIKA",
        "PAPÍROVÁ HYGIENA"
      ],
      "prices": [
        {
          "store_name": "Albert",
          "price": null,
          "original_price": null,
          "unit_price": 0.65,
          "unit": "ks",
          "package_size": "‪100‬ kusů",
          "condition": "Sleva"
        }
      ],
      "description": null
    },
    {
      "name": "Tuc slané krekry",
      "brand": "Tuc",
      "product_url": "https://wolt.com/cs/cze/prague/venue/albert-vinohradska/tuc-slane-krekry-itemid-64ca0b7cba162577de4894cd",
      "image_url": "https://imageproxy.wolt.com/menu/menu-images/63ad795db242366d1f818f36/d1be9968-ed43-11ef-936e-962dfd259aaa_24605410.jpg",
      "categories": [
        "TRVANLIVÉ",
        "SLANÉ"
      ],
      "prices": [
        {
          "store_name": "Albert",
          "price": 19.9,
          "original_price": null,
          "unit_price": 199.0,
          "unit": "Kg",
          "package_size": "100 g",
          "condition": null
        }
      ],
      "description": null
    },
    {
      "name": "Emma Kustovnice čínská, Goji",
      "brand": "Emma",
      "product_url": "https://wolt.com/cs/cze/prague/venue/albert-vinohradska/emma-kustovnice-cinska-goji-itemid-64ca0b7cba162577de48889d",
      "image_url": "https://imageproxy.wolt.com/menu/menu-images/63ad795db242366d1f818f36/9fdbb118-d995-11ef-b283-0efbc3312503_24983136.jpg",
      "categories": [
        "OVOCE A ZELENINA",
        "SUCHÉ PLODY"
      ],
      "prices": [
        {
          "store_name": "Albert",
          "price": 49.9,
          "original_price": null,
          "unit_price": 499.0,
          "unit": "Kg",
          "package_size": "100 g",
          "condition": null
        }
      ],
      "description": null
    },
    {
      "name": "Giana Tuňákový salát Mexico",
      "brand": "Giana",
      "product_url": "https://wolt.com/cs/cze/prague/venue/albert-vinohradska/giana-tunakovy-salat-mexico-itemid-64ca0b7cba162577de4892d3",
      "image_url": "https://imageproxy.wolt.com/menu/menu-images/63ad795db242366d1f818f36/ead11580-7825-11f0-a760-e67677b74be8_22894755.jpg",
      "categories": [
        "TRVANLIVÉ",
        "KONZERVOVANÉ POTR."
      ],
      "prices": [
        {
          "store_name": "Albert",
          "price": 67.9,
          "original_price": null,
          "unit_price": 367.03,
          "unit": "Kg",
          "package_size": "185 g",
          "condition": null
        }
      ],
      "description": null
    },
    {
      "name": "Mentos Pure Fresh žvýkačka mátová",
      "brand": "Mentos",
      "product_url": "https://wolt.com/cs/cze/prague/venue/albert-vinohradska/mentos-pure-fresh-zvykacka-matova-itemid-64ca0b7cba162577de48a184",
      "image_url": "https://imageproxy.wolt.com/menu/menu-images/64ffec4406cca0140dfab831/4bd77622-8ebb-11ee-836e-aa70cbf91f77_26760995.jpg",
      "categories": [
        "TRVANLIVÉ",
        "SLADKOSTI"
      ],
      "prices": [
        {
          "store_name": "Albert",
          "price": 19.9,
          "original_price": null,
          "unit_price": 663.33,
          "unit": "Kg",
          "package_size": "30 g",
          "condition": null
        }
      ],
      "description": null
    },
    {
      "name": "Geisha Pralinky nugátové",
      "brand": "Geisha",
      "product_url": "https://wolt.com/cs/cze/prague/venue/albert-vinohradska/geisha-pralinky-nugatove-itemid-64ca0b7cba162577de489c79",
      "image_url": "https://imageproxy.wolt.com/menu/menu-images/64ffec4406cca0140dfab831/5ba03ab2-8eac-11ee-88dd-0ad9bf6baf5b_20301941.jpg",
      "categories": [
        "TRVANLIVÉ",
        "SLADKOSTI"
      ],
      "prices": [
        {
          "store_name": "Albert",
          "price": 159.0,
          "original_price": null,
          "unit_price": 1060.0,
          "unit": "Kg",
          "package_size": "150 g",
          "condition": null
        }
      ],
      "description": null
    },
    {
      "name": "Penam Toustový chléb tmavý, krájený",
      "brand": "Penam",
      "product_url": "https://wolt.com/cs/cze/prague/venue/albert-vinohradska/penam-toustovy-chleb-tmavy-krajeny-itemid-64ca0b7cba162577de489555",
      "image_url": "https://imageproxy.wolt.com/menu/menu-images/64ffec4406cca0140dfab831/ac5bfad4-8eae-11ee-be5a-0aa88a212956_22685797.jpg",
      "categories": [
        "PEKÁRNA A CUKRÁRNA",
        "CHLÉB BALENÝ"
      ],
      "prices": [
        {
          "store_name": "Albert",
          "price": 34.9,
          "original_price": null,
          "unit_price": 69.8,
          "unit": "Kg",
          "package_size": "500 g",
          "condition": null
        }
      ],
      "description": null
    },
    {
      "name": "Nature's Promise Kids 100% mošt jablko, hrozny",
      "brand": "Nature's Promise",
      "product_url": "https://wolt.com/cs/cze/prague/venue/albert-vinohradska/nature-s-promise-kids-100-most-jablko-hrozny-itemid-64ca0b7cba162577de48a554",
      "image_url": "https://imageproxy.wolt.com/menu/menu-images/64ffec4406cca0140dfab831/259659ee-8ec8-11ee-91a3-5e4be69f0c6c_27706305.jpg",
      "categories": [
        "NÁPOJE",
        "DŽUSY A NEKTARY"
      ],
      "prices": [
        {
          "store_name": "Albert",
          "price": null,
          "original_price": null,
          "unit_price": 129.5,
          "unit": "l",
          "package_size": "200 ml",
          "condition": "Sleva"
        }
      ],
      "description": null
    },
    {
      "name": "ProActiv Original Roztíratelný tuk",
      "brand": "ProActiv",
      "product_url": "https://wolt.com/cs/cze/prague/venue/albert-vinohradska/proactiv-original-roztiratelny-tuk-itemid-657233256818b938df9488e2",
      "image_url": "https://imageproxy.wolt.com/menu/menu-images/64ffec4406cca0140dfab831/41bc99b4-8ecb-11ee-959d-1acd576d6582_27799895.jpg",
      "categories": [
        "MLÉČNÉ A CHLAZENÉ",
        "MÁSLO A TUKY"
      ],
      "prices": [
        {
          "store_name": "Albert",
          "price": 89.9,
          "original_price": null,
          "unit_price": 399.56,
          "unit": "Kg",
          "package_size": "225 g",
          "condition": null
        }
      ],
      "description": null
    },
    {
      "name": "4Slim Erythritol sladidlo",
      "brand": "4Slim",
      "product_url": "https://wolt.com/cs/cze/prague/venue/albert-vinohradska/4slim-erythritol-sladidlo-itemid-64ca0b7cba162577de4887a5",
      "image_url": "https://imageproxy.wolt.com/menu/menu-images/64ffec4406cca0140dfab831/46d527d4-8ebe-11ee-a15f-0ada12279bd6_27015094.jpg",
      "categories": [
        "TRVANLIVÉ",
        "PEČENÍ A VAŘENÍ"
      ],
      "prices": [
        {
          "store_name": "Albert",
          "price": null,
          "original_price": null,
          "unit_price": 366.33,
          "unit": "Kg",
          "package_size": "300 g",
          "condition": "Sleva, Vyprodáno"
        }
      ],
      "description": null
    },
    {
      "name": "Nestlé Fitness Delice Milk & Chocolate tyčinka",
      "brand": "Nestlé",
      "product_url": "https://wolt.com/cs/cze/prague/venue/albert-vinohradska/nestle-fitness-delice-milk-chocolate-tycinka-itemid-64ca0b7cba162577de488815",
      "image_url": "https://imageproxy.wolt.com/menu/menu-images/63ad795db242366d1f818f36/34e5b1b6-4e4d-11ef-99c7-a2988d633ddb_24559447.jpg",
      "categories": [
        "TRVANLIVÉ",
        "MÜSLI A CEREÁLIE"
      ],
      "prices": [
        {
          "store_name": "Albert",
          "price": 17.9,
          "original_price": null,
          "unit_price": 813.64,
          "unit": "Kg",
          "package_size": "22 g",
          "condition": null
        }
      ],
      "description": null
    },
    {
      "name": "Mississippi Barbecue Sauce SWEET 'N MILD",
      "brand": "Mississippi",
      "product_url": "https://wolt.com/cs/cze/prague/venue/albert-vinohradska/mississippi-barbecue-sauce-sweet-n-mild-itemid-657233256818b938df9489b9",
      "image_url": "https://imageproxy.wolt.com/menu/menu-images/64ffec4406cca0140dfab831/7128e486-8ec7-11ee-a8f3-22bb34ae47e9_27658512.jpg",
      "categories": [
        "TRVANLIVÉ",
        "KOŘENÍ A OCHUCOVADLA"
      ],
      "prices": [
        {
          "store_name": "Albert",
          "price": 139.9,
          "original_price": null,
          "unit_price": 274.31,
          "unit": "Kg",
          "package_size": "510 g",
          "condition": "Vyprodáno"
        }
      ],
      "description": null
    },
    {
      "name": "Gillette Satin Care dámský gel na holení",
      "brand": "Gillette",
      "product_url": "https://wolt.com/cs/cze/prague/venue/albert-vinohradska/gillette-satin-care-damsky-gel-na-holeni-itemid-64ca0b7cba162577de489ec0",
      "image_url": "https://imageproxy.wolt.com/menu/menu-images/64ffec4406cca0140dfab831/4831c60c-8ead-11ee-ac26-1240326ac0c2_20727178.jpg",
      "categories": [
        "DROGERIE A KOSMETIKA",
        "HOLENÍ A DEPILACE"
      ],
      "prices": [
        {
          "store_name": "Albert",
          "price": 119.9,
          "original_price": null,
          "unit_price": 599.5,
          "unit": "l",
          "package_size": "200 ml",
          "condition": null
        }
      ],
      "description": null
    },
    {
      "name": "Perla Aroma zrnková káva",
      "brand": "Perla",
      "product_url": "https://wolt.com/cs/cze/prague/venue/albert-vinohradska/perla-aroma-zrnkova-kava-itemid-64ca0b7cba162577de489ad9",
      "image_url": "https://imageproxy.wolt.com/menu/menu-images/63ad795db242366d1f818f36/61af261e-4e4d-11ef-90f6-8294aa31fd6e_27257227.jpg",
      "categories": [
        "NÁPOJE",
        "KÁVA A ČAJ"
      ],
      "prices": [
        {
          "store_name": "Albert",
          "price": 389.0,
          "original_price": null,
          "unit_price": 389.0,
          "unit": "Kg",
          "package_size": "1 kg",
          "condition": null
        }
      ],
      "description": null
    },
    {
      "name": "Tento Classic toaletní papír",
      "brand": "Tento",
      "product_url": "https://wolt.com/cs/cze/prague/venue/albert-vinohradska/tento-classic-toaletni-papir-itemid-64ca0b7cba162577de4890e6",
      "image_url": "https://imageproxy.wolt.com/menu/menu-images/63ad795db242366d1f818f36/d27836b8-f8ef-11ef-8015-8ec249bb718e_25541113.jpg",
      "categories": [
        "DROGERIE A KOSMETIKA",
        "PAPÍROVÁ HYGIENA"
      ],
      "prices": [
        {
          "store_name": "Albert",
          "price": 109.9,
          "original_price": null,
          "unit_price": 0.76,
          "unit": "ks",
          "package_size": "‪144‬ kusů",
          "condition": null
        }
      ],
      "description": null
    },
    {
      "name": "Artesie Perlivá voda",
      "brand": "Artesie",
      "product_url": "https://wolt.com/cs/cze/prague/venue/albert-vinohradska/artesie-perliva-voda-itemid-64ca0b7cba162577de488253",
      "image_url": "https://imageproxy.wolt.com/menu/menu-images/64ffec4406cca0140dfab831/b9589118-8eb6-11ee-805d-ca3c3355ab39_25820256.jpg",
      "categories": [
        "NÁPOJE",
        "VODY A MINERÁLKY"
      ],
      "prices": [
        {
          "store_name": "Albert",
          "price": 6.9,
          "original_price": null,
          "unit_price": 4.6,
          "unit": "l",
          "package_size": "1,5 l",
          "condition": null
        }
      ],
      "description": null
    },
    {
      "name": "Boneco Tatarská omáčka s feferonkami",
      "brand": "Boneco",
      "product_url": "https://wolt.com/cs/cze/prague/venue/albert-vinohradska/boneco-tatarska-omacka-s-feferonkami-itemid-657233256818b938df948618",
      "image_url": "https://imageproxy.wolt.com/menu/menu-images/63ad795db242366d1f818f36/96a4f96c-0608-11ef-a45e-16d21d607294_26020150.jpg",
      "categories": [
        "MLÉČNÉ A CHLAZENÉ",
        "MAJONÉZY A TATARKY"
      ],
      "prices": [
        {
          "store_name": "Albert",
          "price": 43.9,
          "original_price": null,
          "unit_price": 199.55,
          "unit": "l",
          "package_size": "220 ml",
          "condition": null
        }
      ],
      "description": null
    },
    {
      "name": "Day Up Dezert ovocný horká hruška a oves",
      "brand": "Day Up",
      "product_url": "https://wolt.com/cs/cze/prague/venue/albert-vinohradska/day-up-dezert-ovocny-horka-hruska-a-oves-itemid-681b5abffcbd67bf7a8f4a94",
      "image_url": "https://imageproxy.wolt.com/menu/menu-images/63ad795db242366d1f818f36/6f2d0ce8-2b47-11f0-bae4-56948a494fb4_27872895.jpg",
      "categories": [
        "MLÉČNÉ A CHLAZENÉ",
        "JOGURTY A DEZERTY"
      ],
      "prices": [
        {
          "store_name": "Albert",
          "price": null,
          "original_price": null,
          "unit_price": 182.5,
          "unit": "Kg",
          "package_size": "120 g",
          "condition": "Sleva"
        }
      ],
      "description": null
    },
    {
      "name": "Dreamies pochoutky sýrové",
      "brand": "Dreamies",
      "product_url": "https://wolt.com/cs/cze/prague/venue/albert-vinohradska/dreamies-pochoutky-syrove-itemid-64ca0b7cba162577de489d80",
      "image_url": "https://imageproxy.wolt.com/menu/menu-images/6745ec28c3b7723db3588430/5d58c69a-eb01-11f0-b7fb-d6f5ab925991_25623925.jpg",
      "categories": [
        "ZVÍŘATA",
        "KOČKY"
      ],
      "prices": [
        {
          "store_name": "Albert",
          "price": 29.9,
          "original_price": null,
          "unit_price": 498.33,
          "unit": "Kg",
          "package_size": "60 g",
          "condition": null
        }
      ],
      "description": null
    },
    {
      "name": "Kinder Chocolate Maxi",
      "brand": "Kinder",
      "product_url": "https://wolt.com/cs/cze/prague/venue/albert-vinohradska/kinder-chocolate-maxi-itemid-64ca0b7cba162577de4887ef",
      "image_url": "https://imageproxy.wolt.com/menu/menu-images/64ffec4406cca0140dfab831/d2e9a122-8eb0-11ee-bbf3-325d7328b531_24060387.jpg",
      "categories": [
        "TRVANLIVÉ",
        "SLADKOSTI"
      ],
      "prices": [
        {
          "store_name": "Albert",
          "price": 14.9,
          "original_price": null,
          "unit_price": 709.52,
          "unit": "Kg",
          "package_size": "21 g",
          "condition": null
        }
      ],
      "description": null
    },
    {
      "name": "Nivea Soft svěží hydratační krém",
      "brand": "Nivea",
      "product_url": "https://wolt.com/cs/cze/prague/venue/albert-vinohradska/nivea-soft-svezi-hydratacni-krem-itemid-64ca0b7cba162577de489ba2",
      "image_url": "https://imageproxy.wolt.com/menu/menu-images/63ad795db242366d1f818f36/e473ecf8-377b-11ef-90cf-3ab6bd7d9cc9_22904669.jpg",
      "categories": [
        "DROGERIE A KOSMETIKA",
        "PÉČE O PLEŤ"
      ],
      "prices": [
        {
          "store_name": "Albert",
          "price": 209.0,
          "original_price": null,
          "unit_price": 696.67,
          "unit": "l",
          "package_size": "300 ml",
          "condition": null
        }
      ],
      "description": null
    },
    {
      "name": "Tipafrost Sníh s vanilkovou příchutí",
      "brand": "Tipafrost",
      "product_url": "https://wolt.com/cs/cze/prague/venue/albert-vinohradska/tipafrost-snih-s-vanilkovou-prichuti-itemid-6876153a0c6218e9f3e5f41f",
      "image_url": "https://imageproxy.wolt.com/menu/menu-images/64b62ec5e5ab70cdc92e30f0/f1ab55b4-616e-11f0-badc-6e4864e4ce79_25557190.jpg",
      "categories": [
        "MRAŽENÉ POTRAVINY",
        "ZMRZLINA A NANUKY"
      ],
      "prices": [
        {
          "store_name": "Albert",
          "price": 29.9,
          "original_price": null,
          "unit_price": 85.43,
          "unit": "l",
          "package_size": "350 ml",
          "condition": null
        }
      ],
      "description": null
    },
    {
      "name": "Kachna chlazená",
      "brand": null,
      "product_url": "https://wolt.com/cs/cze/prague/venue/albert-vinohradska/kachna-chlazena-itemid-64ca0b7cba162577de4888af",
      "image_url": "https://imageproxy.wolt.com/menu/menu-images/64ffec4406cca0140dfab831/8b7e55f6-8eb7-11ee-836b-aa70cbf91f77_25959598.jpg",
      "categories": [
        "MASO A RYBY",
        "DRŮBEŽ"
      ],
      "prices": [
        {
          "store_name": "Albert",
          "price": 346.5,
          "original_price": null,
          "unit_price": null,
          "unit": null,
          "package_size": null,
          "condition": null
        }
      ],
      "description": null
    },
    {
      "name": "Heidrun McFresh Dóza obdélníková",
      "brand": "Heidrun",
      "product_url": "https://wolt.com/cs/cze/prague/venue/albert-vinohradska/heidrun-mcfresh-doza-obdelnikova-itemid-64ca0b7cba162577de489f1c",
      "image_url": "https://imageproxy.wolt.com/menu/menu-images/64ffec4406cca0140dfab831/06e09bbe-8eb3-11ee-9521-c6aa6b123400_24944502.jpg",
      "categories": [
        "DOMÁCNOST A ZAHRADA",
        "KUCHYŇSKÉ POTŘEBY"
      ],
      "prices": [
        {
          "store_name": "Albert",
          "price": 84.9,
          "original_price": null,
          "unit_price": 28.3,
          "unit": "ks",
          "package_size": "‪3‬ kusů",
          "condition": null
        }
      ],
      "description": null
    },
    {
      "name": "Schwartau Extra džem višňový",
      "brand": "Schwartau",
      "product_url": "https://wolt.com/cs/cze/prague/venue/albert-vinohradska/schwartau-extra-dzem-visnovy-itemid-64ca0b7cba162577de48916a",
      "image_url": "https://imageproxy.wolt.com/menu/menu-images/64ffec4406cca0140dfab831/9f1713d8-8eb1-11ee-9b69-166df9adf1b7_24441926.jpg",
      "categories": [
        "TRVANLIVÉ",
        "MEDY A SL. POMAZÁNKY"
      ],
      "prices": [
        {
          "store_name": "Albert",
          "price": 106.9,
          "original_price": null,
          "unit_price": 314.41,
          "unit": "Kg",
          "package_size": "340 g",
          "condition": null
        }
      ],
      "description": null
    },
    {
      "name": "Milka Happy Birthday Bonboniéra mléčná náplň",
      "brand": "Milka",
      "product_url": "https://wolt.com/cs/cze/prague/venue/albert-vinohradska/milka-happy-birthday-bonboniera-mlecna-napln-itemid-657233256818b938df9478d4",
      "image_url": "https://imageproxy.wolt.com/menu/menu-images/63ad795db242366d1f818f36/411fb106-0b7d-11ef-8e40-925c1b9b0006_25637304.jpg",
      "categories": [
        "TRVANLIVÉ",
        "SLADKOSTI"
      ],
      "prices": [
        {
          "store_name": "Albert",
          "price": 99.9,
          "original_price": null,
          "unit_price": 908.18,
          "unit": "Kg",
          "package_size": "110 g",
          "condition": null
        }
      ],
      "description": null
    },
    {
      "name": "Lovepet Konzerva hovězí v omáčce pro kočky",
      "brand": "Lovepet",
      "product_url": "https://wolt.com/cs/cze/prague/venue/albert-vinohradska/lovepet-konzerva-hovezi-v-omacce-pro-kocky-itemid-64ca0b7cba162577de488987",
      "image_url": "https://imageproxy.wolt.com/menu/menu-images/64ffec4406cca0140dfab831/8dc6ee56-8eb0-11ee-b7e8-3ed0b25e551d_23878761.jpg",
      "categories": [
        "ZVÍŘATA",
        "KOČKY"
      ],
      "prices": [
        {
          "store_name": "Albert",
          "price": 16.9,
          "original_price": null,
          "unit_price": 40.72,
          "unit": "Kg",
          "package_size": "415 g",
          "condition": null
        }
      ],
      "description": null
    },
    {
      "name": "Hellmann's Kečup jemný",
      "brand": "Hellmann's",
      "product_url": "https://wolt.com/cs/cze/prague/venue/albert-vinohradska/hellmann-s-kecup-jemny-itemid-64ca0b7cba162577de4886e7",
      "image_url": "https://imageproxy.wolt.com/menu/menu-images/64ffec4406cca0140dfab831/1d94f740-8ebf-11ee-a185-5eb9bb96d91f_27091203.jpg",
      "categories": [
        "TRVANLIVÉ",
        "KEČUPY A HOŘČICE"
      ],
      "prices": [
        {
          "store_name": "Albert",
          "price": 66.9,
          "original_price": null,
          "unit_price": 137.94,
          "unit": "Kg",
          "package_size": "485 g",
          "condition": null
        }
      ],
      "description": null
    },
    {
      "name": "Smetanito neodolatelné s ementálem",
      "brand": "Smetanito",
      "product_url": "https://wolt.com/cs/cze/prague/venue/albert-vinohradska/smetanito-neodolatelne-s-ementalem-itemid-657233256818b938df947ca5",
      "image_url": "https://imageproxy.wolt.com/menu/menu-images/63ad795db242366d1f818f36/b8cf1dd2-0609-11ef-ad2d-fab54a7e2d05_27686768.jpg",
      "categories": [
        "MLÉČNÉ A CHLAZENÉ",
        "SÝRY"
      ],
      "prices": [
        {
          "store_name": "Albert",
          "price": 54.9,
          "original_price": null,
          "unit_price": 392.14,
          "unit": "Kg",
          "package_size": "140 g",
          "condition": null
        }
      ],
      "description": null
    },
    {
      "name": "Dr. Oetker Vanilková pasta",
      "brand": "Dr. Oetker",
      "product_url": "https://wolt.com/cs/cze/prague/venue/albert-vinohradska/dr-oetker-vanilkova-pasta-itemid-64ca0b7cba162577de48a175",
      "image_url": "https://imageproxy.wolt.com/menu/menu-images/63ad795db242366d1f818f36/1cfea870-a8ea-11f0-bc0a-3e524b9b57ab_26891323.jpg",
      "categories": [
        "TRVANLIVÉ",
        "PEČENÍ A VAŘENÍ"
      ],
      "prices": [
        {
          "store_name": "Albert",
          "price": 189.9,
          "original_price": null,
          "unit_price": 1899.0,
          "unit": "Kg",
          "package_size": "100 g",
          "condition": null
        }
      ],
      "description": null
    },
    {
      "name": "Tento papírové utěrky",
      "brand": "Tento",
      "product_url": "https://wolt.com/cs/cze/prague/venue/albert-vinohradska/tento-papirove-uterky-itemid-6601e49cb815648367da9913",
      "image_url": "https://imageproxy.wolt.com/menu/menu-images/63ad795db242366d1f818f36/3460189a-7826-11f0-ae45-8af0729eed7b_26349565.jpg",
      "categories": [
        "DOMÁCNOST A ZAHRADA",
        "KUCHYŇSKÉ POTŘEBY"
      ],
      "prices": [
        {
          "store_name": "Albert",
          "price": 82.9,
          "original_price": null,
          "unit_price": 2.44,
          "unit": "ks",
          "package_size": "‪34‬ kusů",
          "condition": null
        }
      ],
      "description": null
    },
    {
      "name": "Ludwig Pálava",
      "brand": "Ludwig",
      "product_url": "https://wolt.com/cs/cze/prague/venue/albert-vinohradska/ludwig-palava-itemid-657233256818b938df94862d",
      "image_url": "https://imageproxy.wolt.com/menu/menu-images/64ffec4406cca0140dfab831/83e5126e-8eba-11ee-85fa-865f2970631c_26635859.jpg",
      "categories": [
        "NÁPOJE",
        "VÍNA"
      ],
      "prices": [
        {
          "store_name": "Albert",
          "price": 149.9,
          "original_price": null,
          "unit_price": 199.87,
          "unit": "l",
          "package_size": "750 ml, 14% alc",
          "condition": "18+"
        }
      ],
      "description": null
    },
    {
      "name": "Mionetto Prosecco Treviso Frizzante",
      "brand": "Mionetto",
      "product_url": "https://wolt.com/cs/cze/prague/venue/albert-vinohradska/mionetto-prosecco-treviso-frizzante-itemid-657233256818b938df94783e",
      "image_url": "https://imageproxy.wolt.com/menu/menu-images/64ffec4406cca0140dfab831/3a958d48-8ec2-11ee-a8da-86f1953ceff6_27289419.jpg",
      "categories": [
        "NÁPOJE",
        "VÍNA"
      ],
      "prices": [
        {
          "store_name": "Albert",
          "price": 139.9,
          "original_price": null,
          "unit_price": 186.53,
          "unit": "l",
          "package_size": "750 ml, 11% alc",
          "condition": "18+"
        }
      ],
      "description": null
    },
    {
      "name": "Canti Merlot Rosato Veneto",
      "brand": "Canti",
      "product_url": "https://wolt.com/cs/cze/prague/venue/albert-vinohradska/canti-merlot-rosato-veneto-itemid-6601f0ba825ed3814d38b1c0",
      "image_url": "https://imageproxy.wolt.com/menu/menu-images/6601c613e48d1c8d95333085/bde75820-eae3-11ee-8d56-fe226a5a372e_27200780.jpg",
      "categories": [
        "NÁPOJE",
        "VÍNA"
      ],
      "prices": [
        {
          "store_name": "Albert",
          "price": 59.9,
          "original_price": null,
          "unit_price": 239.6,
          "unit": "l",
          "package_size": "250 ml, 11,5% alc",
          "condition": "18+, Vyprodáno"
        }
      ],
      "description": null
    },
    {
      "name": "Fresh Bistro Polévka farmářská s fazolemi",
      "brand": "Fresh Bistro",
      "product_url": "https://wolt.com/cs/cze/prague/venue/albert-vinohradska/fresh-bistro-polevka-farmarska-s-fazolemi-itemid-64ca0b7cba162577de488bb1",
      "image_url": "https://imageproxy.wolt.com/menu/menu-images/64ffec4406cca0140dfab831/5c380088-8ebe-11ee-9097-362f93bf1d5e_27026656.jpg",
      "categories": [
        "UZENINY A LAHŮDKY",
        "HOTOVKY A PŘÍLOHY"
      ],
      "prices": [
        {
          "store_name": "Albert",
          "price": 56.9,
          "original_price": null,
          "unit_price": 142.25,
          "unit": "Kg",
          "package_size": "400 g",
          "condition": null
        }
      ],
      "description": null
    },
    {
      "name": "Žampiony hnědé čerstvé",
      "brand": "Žampiony",
      "product_url": "https://wolt.com/cs/cze/prague/venue/albert-vinohradska/zampiony-hnede-cerstve-itemid-64ca0b7cba162577de489524",
      "image_url": "https://imageproxy.wolt.com/menu/menu-images/64ffec4406cca0140dfab831/bc915d5a-8eb7-11ee-89c0-c6aa6b123400_26042077.jpg",
      "categories": [
        "OVOCE A ZELENINA",
        "HOUBY"
      ],
      "prices": [
        {
          "store_name": "Albert",
          "price": 37.9,
          "original_price": null,
          "unit_price": 151.6,
          "unit": "Kg",
          "package_size": "250 g",
          "condition": null
        }
      ],
      "description": null
    },
    {
      "name": "Olma Selské mléko čerstvé plnotučné 3,9%",
      "brand": "Olma",
      "product_url": "https://wolt.com/cs/cze/prague/venue/albert-vinohradska/olma-selske-mleko-cerstve-plnotucne-3-9-itemid-64ca0b7cba162577de489174",
      "image_url": "https://imageproxy.wolt.com/menu/menu-images/64ffec4406cca0140dfab831/611feb04-8eb1-11ee-90f0-c64f1deb8de2_24340557.jpg",
      "categories": [
        "MLÉČNÉ A CHLAZENÉ",
        "MLÉČNÉ NÁPOJE"
      ],
      "prices": [
        {
          "store_name": "Albert",
          "price": 42.9,
          "original_price": null,
          "unit_price": 42.9,
          "unit": "l",
          "package_size": "1 l",
          "condition": null
        }
      ],
      "description": null
    },
    {
      "name": "Opavia Fidorka mléčná s kokosovou náplní",
      "brand": "Opavia",
      "product_url": "https://wolt.com/cs/cze/prague/venue/albert-vinohradska/opavia-fidorka-mlecna-s-kokosovou-naplni-itemid-64ca0b7cba162577de48852f",
      "image_url": "https://imageproxy.wolt.com/menu/menu-images/63ad795db242366d1f818f36/1cca7326-d996-11ef-a94f-026879d3ea73_20300098.jpg",
      "categories": [
        "TRVANLIVÉ",
        "SLADKOSTI"
      ],
      "prices": [
        {
          "store_name": "Albert",
          "price": 18.9,
          "original_price": null,
          "unit_price": 630.0,
          "unit": "Kg",
          "package_size": "30 g",
          "condition": null
        }
      ],
      "description": null
    },
    {
      "name": "Day Up Dezert ovocný tropický mix a oves",
      "brand": "Day Up",
      "product_url": "https://wolt.com/cs/cze/prague/venue/albert-vinohradska/day-up-dezert-ovocny-tropicky-mix-a-oves-itemid-681b5abffcbd67bf7a8f4a96",
      "image_url": "https://imageproxy.wolt.com/menu/menu-images/63ad795db242366d1f818f36/93fc8b5c-2b47-11f0-ae85-1e2a5db92972_27922750.jpg",
      "categories": [
        "MLÉČNÉ A CHLAZENÉ",
        "JOGURTY A DEZERTY"
      ],
      "prices": [
        {
          "store_name": "Albert",
          "price": null,
          "original_price": null,
          "unit_price": 182.5,
          "unit": "Kg",
          "package_size": "120 g",
          "condition": "Sleva"
        }
      ],
      "description": null
    },
    {
      "name": "Rex Orchid&Macadamia Oil Prací kapsle",
      "brand": "Rex",
      "product_url": "https://wolt.com/cs/cze/prague/venue/albert-vinohradska/rex-orchid-macadamia-oil-praci-kapsle-itemid-64ca0b7cba162577de48a5d2",
      "image_url": "https://imageproxy.wolt.com/menu/menu-images/64ffec4406cca0140dfab831/149fdc90-8ec4-11ee-9cb3-22bb34ae47e9_27443286.jpg",
      "categories": [
        "DROGERIE A KOSMETIKA",
        "PRACÍ PROSTŘEDKY"
      ],
      "prices": [
        {
          "store_name": "Albert",
          "price": 199.0,
          "original_price": null,
          "unit_price": 5.53,
          "unit": "ks",
          "package_size": "‪36‬ kusů",
          "condition": null
        }
      ],
      "description": null
    },
    {
      "name": "Relax višeň a jablko",
      "brand": "Relax",
      "product_url": "https://wolt.com/cs/cze/prague/venue/albert-vinohradska/relax-visen-a-jablko-itemid-64ca0b7cba162577de48959d",
      "image_url": "https://imageproxy.wolt.com/menu/menu-images/64ffec4406cca0140dfab831/bfe1a0d4-8eb0-11ee-8999-865f2970631c_23991170.jpg",
      "categories": [
        "NÁPOJE",
        "DŽUSY A NEKTARY"
      ],
      "prices": [
        {
          "store_name": "Albert",
          "price": 26.9,
          "original_price": null,
          "unit_price": 26.9,
          "unit": "l",
          "package_size": "1 l",
          "condition": null
        }
      ],
      "description": null
    },
    {
      "name": "Milko Řecký jogurt bílý",
      "brand": "Milko",
      "product_url": "https://wolt.com/cs/cze/prague/venue/albert-vinohradska/milko-recky-jogurt-bily-itemid-64ca0b7cba162577de488093",
      "image_url": "https://imageproxy.wolt.com/menu/menu-images/64ffec4406cca0140dfab831/307516a4-8eb7-11ee-9d3d-b6ff72c7a500_25906592.jpg",
      "categories": [
        "MLÉČNÉ A CHLAZENÉ",
        "JOGURTY A DEZERTY"
      ],
      "prices": [
        {
          "store_name": "Albert",
          "price": 21.9,
          "original_price": null,
          "unit_price": 156.43,
          "unit": "Kg",
          "package_size": "140 g",
          "condition": null
        }
      ],
      "description": null
    },
    {
      "name": "Gran Maestro Primitivo di Manduria",
      "brand": "Gran",
      "product_url": "https://wolt.com/cs/cze/prague/venue/albert-vinohradska/gran-maestro-primitivo-di-manduria-itemid-64ca0b7cba162577de48a16c",
      "image_url": "https://imageproxy.wolt.com/menu/menu-images/64ffec4406cca0140dfab831/6a9c6f46-8ebf-11ee-a77a-3ac809dc7454_27113998.jpg",
      "categories": [
        "NÁPOJE",
        "VÍNA"
      ],
      "prices": [
        {
          "store_name": "Albert",
          "price": 329.0,
          "original_price": null,
          "unit_price": 438.67,
          "unit": "l",
          "package_size": "750 ml, 14% alc",
          "condition": "18+"
        }
      ],
      "description": null
    },
    {
      "name": "Albert Treska v majonéze",
      "brand": "Albert",
      "product_url": "https://wolt.com/cs/cze/prague/venue/albert-vinohradska/albert-treska-v-majoneze-itemid-64ca0b7cba162577de489612",
      "image_url": "https://imageproxy.wolt.com/menu/menu-images/64ffec4406cca0140dfab831/83a6485e-92e3-11ee-bf3c-f6715309c94c_26893952.jpg",
      "categories": [
        "UZENINY A LAHŮDKY",
        "RYBÍ SPECIALITY"
      ],
      "prices": [
        {
          "store_name": "Albert",
          "price": 35.9,
          "original_price": null,
          "unit_price": 239.33,
          "unit": "Kg",
          "package_size": "150 g",
          "condition": null
        }
      ],
      "description": null
    },
    {
      "name": "Milka Choco Jaffa piškoty malinové",
      "brand": "Milka",
      "product_url": "https://wolt.com/cs/cze/prague/venue/albert-vinohradska/milka-choco-jaffa-piskoty-malinove-itemid-64ca0b7cba162577de489d53",
      "image_url": "https://imageproxy.wolt.com/menu/menu-images/63ad795db242366d1f818f36/5e25f95e-9796-11ef-a70c-ca7b09b102ed_25277616.jpg",
      "categories": [
        "TRVANLIVÉ",
        "SLADKOSTI"
      ],
      "prices": [
        {
          "store_name": "Albert",
          "price": 36.9,
          "original_price": null,
          "unit_price": 251.02,
          "unit": "Kg",
          "package_size": "147 g",
          "condition": null
        }
      ],
      "description": null
    },
    {
      "name": "Hellmann's Kečup -50 % cukru",
      "brand": "Hellmann's",
      "product_url": "https://wolt.com/cs/cze/prague/venue/albert-vinohradska/hellmann-s-kecup-50-cukru-itemid-681b5abffcbd67bf7a8f4b53",
      "image_url": "https://imageproxy.wolt.com/menu/menu-images/63ad795db242366d1f818f36/717af6ea-2b47-11f0-a546-0ab11f963a09_27874936.jpg",
      "categories": [
        "TRVANLIVÉ",
        "KEČUPY A HOŘČICE"
      ],
      "prices": [
        {
          "store_name": "Albert",
          "price": 64.9,
          "original_price": null,
          "unit_price": 141.09,
          "unit": "Kg",
          "package_size": "460 g",
          "condition": null
        }
      ],
      "description": null
    },
    {
      "name": "Royal Crown Cola bez cukru",
      "brand": "Royal",
      "product_url": "https://wolt.com/cs/cze/prague/venue/albert-vinohradska/royal-crown-cola-bez-cukru-itemid-657233256818b938df947cf5",
      "image_url": "https://imageproxy.wolt.com/menu/menu-images/64ffec4406cca0140dfab831/f09d0a90-8ec6-11ee-908c-f6a0c6fd1153_27633182.jpg",
      "categories": [
        "NÁPOJE",
        "LIMONÁDY"
      ],
      "prices": [
        {
          "store_name": "Albert",
          "price": 26.9,
          "original_price": null,
          "unit_price": 20.23,
          "unit": "l",
          "package_size": "1,33 l",
          "condition": null
        }
      ],
      "description": null
    },
    {
      "name": "Rajec Pramenitá voda neperlivá",
      "brand": "Rajec",
      "product_url": "https://wolt.com/cs/cze/prague/venue/albert-vinohradska/rajec-pramenita-voda-neperliva-itemid-64ca0b7cba162577de4895a9",
      "image_url": "https://imageproxy.wolt.com/menu/menu-images/63ad795db242366d1f818f36/5cb671a2-8e26-11f0-82a7-f62ada0fa3fc_23685734.jpg",
      "categories": [
        "NÁPOJE",
        "VODY A MINERÁLKY"
      ],
      "prices": [
        {
          "store_name": "Albert",
          "price": 18.9,
          "original_price": null,
          "unit_price": 25.2,
          "unit": "l",
          "package_size": "750 ml",
          "condition": null
        }
      ],
      "description": null
    },
    {
      "name": "Nature's Promise Bio Kypřicí prášek",
      "brand": "Nature's Promise",
      "product_url": "https://wolt.com/cs/cze/prague/venue/albert-vinohradska/nature-s-promise-bio-kyprici-prasek-itemid-64ca0b7cba162577de48a52a",
      "image_url": "https://imageproxy.wolt.com/menu/menu-images/64ffec4406cca0140dfab831/20beb500-8ec9-11ee-bc6c-0eae60bca7bc_27738658.jpg",
      "categories": [
        "TRVANLIVÉ",
        "PEČENÍ A VAŘENÍ"
      ],
      "prices": [
        {
          "store_name": "Albert",
          "price": 4.5,
          "original_price": null,
          "unit_price": 375.0,
          "unit": "Kg",
          "package_size": "12 g",
          "condition": null
        }
      ],
      "description": null
    },
    {
      "name": "Monini Classico extra panenský olivový olej",
      "brand": "Monini",
      "product_url": "https://wolt.com/cs/cze/prague/venue/albert-vinohradska/monini-classico-extra-panensky-olivovy-olej-itemid-64ca0b7cba162577de48948c",
      "image_url": "https://imageproxy.wolt.com/menu/menu-images/64ffec4406cca0140dfab831/00b0014e-8eae-11ee-be7a-ce88839a7433_21555640.jpg",
      "categories": [
        "TRVANLIVÉ",
        "OLEJE A OCTY"
      ],
      "prices": [
        {
          "store_name": "Albert",
          "price": 309.0,
          "original_price": null,
          "unit_price": 618.0,
          "unit": "l",
          "package_size": "500 ml",
          "condition": null
        }
      ],
      "description": null
    },
    {
      "name": "L'Oréal Paris Elseve šampon Dream Long",
      "brand": "L'Oréal",
      "product_url": "https://wolt.com/cs/cze/prague/venue/albert-vinohradska/l-oreal-paris-elseve-sampon-dream-long-itemid-64ca0b7cba162577de488cff",
      "image_url": "https://imageproxy.wolt.com/menu/menu-images/64ffec4406cca0140dfab831/6ee96acc-8ebf-11ee-ba9a-46136b2ea02a_27115466.jpg",
      "categories": [
        "DROGERIE A KOSMETIKA",
        "PÉČE O VLASY"
      ],
      "prices": [
        {
          "store_name": "Albert",
          "price": 159.0,
          "original_price": null,
          "unit_price": 397.5,
          "unit": "l",
          "package_size": "400 ml",
          "condition": null
        }
      ],
      "description": null
    },
    {
      "name": "Tchibo Coffizz s příchutí marakuji",
      "brand": "Tchibo",
      "product_url": "https://wolt.com/cs/cze/prague/venue/albert-vinohradska/tchibo-coffizz-s-prichuti-marakuji-itemid-657233256818b938df9485bc",
      "image_url": "https://imageproxy.wolt.com/menu/menu-images/64ffec4406cca0140dfab831/2a58b746-8ec4-11ee-bd14-46cce9f42bfe_27450444.jpg",
      "categories": [
        "NÁPOJE",
        "VODY A MINERÁLKY"
      ],
      "prices": [
        {
          "store_name": "Albert",
          "price": 36.9,
          "original_price": null,
          "unit_price": 73.8,
          "unit": "l",
          "package_size": "500 ml",
          "condition": null
        }
      ],
      "description": null
    },
    {
      "name": "Kotex Mini tampóny",
      "brand": "Kotex",
      "product_url": "https://wolt.com/cs/cze/prague/venue/albert-vinohradska/kotex-mini-tampony-itemid-64ca0b7cba162577de489e85",
      "image_url": "https://imageproxy.wolt.com/menu/menu-images/64ffec4406cca0140dfab831/bfb17c8a-8eae-11ee-b61d-2a31a2186d9b_22797599.jpg",
      "categories": [
        "DROGERIE A KOSMETIKA",
        "DÁMSKÉ HYG. POTŘEBY"
      ],
      "prices": [
        {
          "store_name": "Albert",
          "price": 49.9,
          "original_price": null,
          "unit_price": 3.12,
          "unit": "ks",
          "package_size": "‪16‬ kusů",
          "condition": null
        }
      ],
      "description": null
    },
    {
      "name": "Opavia BeBe Dobré ráno Mini medové sušenky",
      "brand": "Opavia",
      "product_url": "https://wolt.com/cs/cze/prague/venue/albert-vinohradska/opavia-bebe-dobre-rano-mini-medove-susenky-itemid-64ca0b7cba162577de48a0f7",
      "image_url": "https://imageproxy.wolt.com/menu/menu-images/63ad795db242366d1f818f36/eb314988-f8ef-11ef-946d-32ffc6521b86_26885841.jpg",
      "categories": [
        "TRVANLIVÉ",
        "MÜSLI A CEREÁLIE"
      ],
      "prices": [
        {
          "store_name": "Albert",
          "price": 89.9,
          "original_price": null,
          "unit_price": 299.67,
          "unit": "Kg",
          "package_size": "300 g",
          "condition": null
        }
      ],
      "description": null
    },
    {
      "name": "Nature's Promise Bio Fazole Adzuki",
      "brand": "Nature's Promise",
      "product_url": "https://wolt.com/cs/cze/prague/venue/albert-vinohradska/nature-s-promise-bio-fazole-adzuki-itemid-64ca0b7cba162577de48a295",
      "image_url": "https://imageproxy.wolt.com/menu/menu-images/64ffec4406cca0140dfab831/8adb28fe-8ebc-11ee-99d3-9ec5d8563a7d_26848792.jpg",
      "categories": [
        "TRVANLIVÉ",
        "RÝŽE A VAŘENÍ"
      ],
      "prices": [
        {
          "store_name": "Albert",
          "price": 74.9,
          "original_price": null,
          "unit_price": 149.8,
          "unit": "Kg",
          "package_size": "500 g",
          "condition": null
        }
      ],
      "description": null
    },
    {
      "name": "Figaro Čokoláda na vaření",
      "brand": "Figaro",
      "product_url": "https://wolt.com/cs/cze/prague/venue/albert-vinohradska/figaro-cokolada-na-vareni-itemid-64ca0b7cba162577de48879b",
      "image_url": "https://imageproxy.wolt.com/menu/menu-images/63ad795db242366d1f818f36/26e477ec-0608-11ef-aaa1-621a56ca64fe_20318857.jpg",
      "categories": [
        "TRVANLIVÉ",
        "SLADKOSTI"
      ],
      "prices": [
        {
          "store_name": "Albert",
          "price": 39.9,
          "original_price": null,
          "unit_price": 443.33,
          "unit": "Kg",
          "package_size": "90 g",
          "condition": null
        }
      ],
      "description": null
    },
    {
      "name": "YoPRO mléčný nápoj s vanilkovou příchutí",
      "brand": "YoPRO",
      "product_url": "https://wolt.com/cs/cze/prague/venue/albert-vinohradska/yopro-mlecny-napoj-s-vanilkovou-prichuti-itemid-657233256818b938df94892b",
      "image_url": "https://imageproxy.wolt.com/menu/menu-images/63ad795db242366d1f818f36/5a48ef18-2b47-11f0-89b3-9e278bf1636b_27793664.jpg",
      "categories": [
        "MLÉČNÉ A CHLAZENÉ",
        "MLÉČNÉ NÁPOJE"
      ],
      "prices": [
        {
          "store_name": "Albert",
          "price": null,
          "original_price": null,
          "unit_price": 147.6,
          "unit": "l",
          "package_size": "250 ml",
          "condition": "Sleva"
        }
      ],
      "description": null
    },
    {
      "name": "Vodňanská drůbež Párky pochoutkové",
      "brand": "Vodňanská",
      "product_url": "https://wolt.com/cs/cze/prague/venue/albert-vinohradska/vodnanska-drubez-parky-pochoutkove-itemid-657233256818b938df947860",
      "image_url": "https://imageproxy.wolt.com/menu/menu-images/64ffec4406cca0140dfab831/7f17ce54-8eb3-11ee-8280-8e50ebf9f3ec_25057119.jpg",
      "categories": [
        "UZENINY A LAHŮDKY",
        "PÁRKY A KLOBÁSY"
      ],
      "prices": [
        {
          "store_name": "Albert",
          "price": null,
          "original_price": null,
          "unit_price": 96.76,
          "unit": "Kg",
          "package_size": "340 g",
          "condition": "Sleva"
        }
      ],
      "description": null
    },
    {
      "name": "Fantasia Jogurt s čokoládovými vločkami",
      "brand": "Fantasia",
      "product_url": "https://wolt.com/cs/cze/prague/venue/albert-vinohradska/fantasia-jogurt-s-cokoladovymi-vlockami-itemid-64ca0b7cba162577de48918b",
      "image_url": "https://imageproxy.wolt.com/menu/menu-images/64ffec4406cca0140dfab831/837618a0-8eb0-11ee-8d48-7a99d2fb2f9f_23853386.jpg",
      "categories": [
        "MLÉČNÉ A CHLAZENÉ",
        "JOGURTY A DEZERTY"
      ],
      "prices": [
        {
          "store_name": "Albert",
          "price": 22.9,
          "original_price": null,
          "unit_price": 224.51,
          "unit": "Kg",
          "package_size": "102 g",
          "condition": null
        }
      ],
      "description": null
    },
    {
      "name": "Chléb žitný celozrnný se slunečnicovými semeny",
      "brand": "Chléb",
      "product_url": "https://wolt.com/cs/cze/prague/venue/albert-vinohradska/chleb-zitny-celozrnny-se-slunecnicovymi-semeny-itemid-64ca0b7cba162577de4896a1",
      "image_url": "https://imageproxy.wolt.com/menu/menu-images/64ffec4406cca0140dfab831/6ca1b57c-8eb4-11ee-819a-4ac825cfc539_25326185.jpg",
      "categories": [
        "PEKÁRNA A CUKRÁRNA",
        "CHLÉB BALENÝ"
      ],
      "prices": [
        {
          "store_name": "Albert",
          "price": 54.9,
          "original_price": null,
          "unit_price": 109.8,
          "unit": "Kg",
          "package_size": "500 g",
          "condition": null
        }
      ],
      "description": null
    },
    {
      "name": "Albert Jogurt smetanový jahoda",
      "brand": "Albert",
      "product_url": "https://wolt.com/cs/cze/prague/venue/albert-vinohradska/albert-jogurt-smetanovy-jahoda-itemid-64ca0b7cba162577de4880c9",
      "image_url": "https://imageproxy.wolt.com/menu/menu-images/64ffec4406cca0140dfab831/8ec112c4-8eb4-11ee-9b4d-1627932f216d_25348439.jpg",
      "categories": [
        "MLÉČNÉ A CHLAZENÉ",
        "JOGURTY A DEZERTY"
      ],
      "prices": [
        {
          "store_name": "Albert",
          "price": 12.9,
          "original_price": null,
          "unit_price": 86.0,
          "unit": "Kg",
          "package_size": "150 g",
          "condition": null
        }
      ],
      "description": null
    },
    {
      "name": "Gustona Zelí bílé ve sladkokyselém nálevu",
      "brand": "Gustona",
      "product_url": "https://wolt.com/cs/cze/prague/venue/albert-vinohradska/gustona-zeli-bile-ve-sladkokyselem-nalevu-itemid-64ca0b7cba162577de4881dd",
      "image_url": "https://imageproxy.wolt.com/menu/menu-images/63ad795db242366d1f818f36/eb78b230-ed43-11ef-bf5d-f6e6d29a0d5b_25845662.jpg",
      "categories": [
        "TRVANLIVÉ",
        "KONZERVOVANÉ POTR."
      ],
      "prices": [
        {
          "store_name": "Albert",
          "price": 31.9,
          "original_price": null,
          "unit_price": 93.82,
          "unit": "Kg",
          "package_size": "340 g",
          "condition": null
        }
      ],
      "description": null
    },
    {
      "name": "Sanpellegrino Aranciata Rossa, červený pomeranč",
      "brand": "Sanpellegrino",
      "product_url": "https://wolt.com/cs/cze/prague/venue/albert-vinohradska/sanpellegrino-aranciata-rossa-cerveny-pomeranc-itemid-64ca0b7cba162577de48a377",
      "image_url": "https://imageproxy.wolt.com/menu/menu-images/64ffec4406cca0140dfab831/05464020-8ec1-11ee-b441-222205837f4e_27207673.jpg",
      "categories": [
        "NÁPOJE",
        "LIMONÁDY"
      ],
      "prices": [
        {
          "store_name": "Albert",
          "price": 37.9,
          "original_price": null,
          "unit_price": 114.85,
          "unit": "l",
          "package_size": "330 ml",
          "condition": null
        }
      ],
      "description": null
    },
    {
      "name": "Nature's Promise Bio Pohanka loupaná, lámanka",
      "brand": "Nature's Promise",
      "product_url": "https://wolt.com/cs/cze/prague/venue/albert-vinohradska/nature-s-promise-bio-pohanka-loupana-lamanka-itemid-64ca0b7cba162577de489823",
      "image_url": "https://imageproxy.wolt.com/menu/menu-images/64ffec4406cca0140dfab831/90725710-8ebc-11ee-a41d-b29f7f1f7f8d_26848884.jpg",
      "categories": [
        "TRVANLIVÉ",
        "PEČENÍ A VAŘENÍ"
      ],
      "prices": [
        {
          "store_name": "Albert",
          "price": 46.9,
          "original_price": null,
          "unit_price": 117.25,
          "unit": "Kg",
          "package_size": "400 g",
          "condition": null
        }
      ],
      "description": null
    },
    {
      "name": "Rebi-Dental mezizubní kartáček 0,4 mm",
      "brand": "Rebi-Dental",
      "product_url": "https://wolt.com/cs/cze/prague/venue/albert-vinohradska/rebi-dental-mezizubni-kartacek-0-4-mm-itemid-6601f9e2c1c7d7bafa1fa4ed",
      "image_url": "https://imageproxy.wolt.com/menu/menu-images/6601c613e48d1c8d95333085/b49e0d58-eae4-11ee-a69b-063f1831dce3_27657393.jpg",
      "categories": [
        "DROGERIE A KOSMETIKA",
        "ÚSTNÍ HYGIENA"
      ],
      "prices": [
        {
          "store_name": "Albert",
          "price": 99.9,
          "original_price": null,
          "unit_price": 12.49,
          "unit": "ks",
          "package_size": "‪8‬ kusů",
          "condition": null
        }
      ],
      "description": null
    },
    {
      "name": "Bohemia Sekt Demi Sec",
      "brand": "Bohemia",
      "product_url": "https://wolt.com/cs/cze/prague/venue/albert-vinohradska/bohemia-sekt-demi-sec-itemid-64ca0b7cba162577de48814b",
      "image_url": "https://imageproxy.wolt.com/menu/menu-images/64ffec4406cca0140dfab831/0f894262-8ead-11ee-bd2e-f2a93e51b7a9_20454227.jpg",
      "categories": [
        "NÁPOJE",
        "VÍNA"
      ],
      "prices": [
        {
          "store_name": "Albert",
          "price": 179.0,
          "original_price": null,
          "unit_price": 238.67,
          "unit": "l",
          "package_size": "750 ml, 11,5% alc",
          "condition": "18+"
        }
      ],
      "description": null
    },
    {
      "name": "Rohlík",
      "brand": null,
      "product_url": "https://wolt.com/cs/cze/prague/venue/albert-vinohradska/rohlik-itemid-64ca0b7cba162577de4883f9",
      "image_url": "https://imageproxy.wolt.com/menu/menu-images/63ad795db242366d1f818f36/78cf4a14-aef6-11ee-a2e6-a636702255dc_20480905.jpg",
      "categories": [
        "PEKÁRNA A CUKRÁRNA",
        "SLANÉ PEČIVO VOLNÉ"
      ],
      "prices": [
        {
          "store_name": "Albert",
          "price": 2.9,
          "original_price": null,
          "unit_price": 67.44,
          "unit": "Kg",
          "package_size": "43 g",
          "condition": "Vyprodáno"
        }
      ],
      "description": null
    },
    {
      "name": "Emco Mysli Pohankové čokoláda a mandle",
      "brand": "Emco",
      "product_url": "https://wolt.com/cs/cze/prague/venue/albert-vinohradska/emco-mysli-pohankove-cokolada-a-mandle-itemid-64ca0b7cba162577de489d7e",
      "image_url": "https://imageproxy.wolt.com/menu/menu-images/64ffec4406cca0140dfab831/625ec626-8eb5-11ee-9d96-76d8d681f910_25539622.jpg",
      "categories": [
        "TRVANLIVÉ",
        "SPECIÁLNÍ"
      ],
      "prices": [
        {
          "store_name": "Albert",
          "price": null,
          "original_price": null,
          "unit_price": 205.59,
          "unit": "Kg",
          "package_size": "340 g",
          "condition": "Sleva"
        }
      ],
      "description": null
    },
    {
      "name": "Jacobs Barista Espresso zrnková káva",
      "brand": "Jacobs",
      "product_url": "https://wolt.com/cs/cze/prague/venue/albert-vinohradska/jacobs-barista-espresso-zrnkova-kava-itemid-64ca0b7cba162577de48a491",
      "image_url": "https://imageproxy.wolt.com/menu/menu-images/63ad795db242366d1f818f36/7f99574c-66af-11ef-bd2c-7a8f5d87e44e_27180716.jpg",
      "categories": [
        "NÁPOJE",
        "KÁVA A ČAJ"
      ],
      "prices": [
        {
          "store_name": "Albert",
          "price": 439.0,
          "original_price": null,
          "unit_price": 439.0,
          "unit": "Kg",
          "package_size": "1 kg",
          "condition": null
        }
      ],
      "description": null
    },
    {
      "name": "Heinz Omáčka grilovací BBQ",
      "brand": "Heinz",
      "product_url": "https://wolt.com/cs/cze/prague/venue/albert-vinohradska/heinz-omacka-grilovaci-bbq-itemid-64ca0b7cba162577de489346",
      "image_url": "https://imageproxy.wolt.com/menu/menu-images/64ffec4406cca0140dfab831/e4ac7876-8ebf-11ee-a370-723b124ceb50_27141489.jpg",
      "categories": [
        "TRVANLIVÉ",
        "KEČUPY A HOŘČICE"
      ],
      "prices": [
        {
          "store_name": "Albert",
          "price": 68.9,
          "original_price": null,
          "unit_price": 313.18,
          "unit": "l",
          "package_size": "220 ml",
          "condition": null
        }
      ],
      "description": null
    },
    {
      "name": "Gustona Kečup jemný",
      "brand": "Gustona",
      "product_url": "https://wolt.com/cs/cze/prague/venue/albert-vinohradska/gustona-kecup-jemny-itemid-64ca0b7cba162577de488671",
      "image_url": "https://imageproxy.wolt.com/menu/menu-images/63ad795db242366d1f818f36/46932a34-7826-11f0-aa91-8e3493083137_26744285.jpg",
      "categories": [
        "TRVANLIVÉ",
        "KEČUPY A HOŘČICE"
      ],
      "prices": [
        {
          "store_name": "Albert",
          "price": 39.9,
          "original_price": null,
          "unit_price": 44.33,
          "unit": "Kg",
          "package_size": "900 g",
          "condition": null
        }
      ],
      "description": null
    },
    {
      "name": "Albert Plněné trubičky kakaové",
      "brand": "Albert",
      "product_url": "https://wolt.com/cs/cze/prague/venue/albert-vinohradska/albert-plnene-trubicky-kakaove-itemid-6601eae167d8a10de6137f3b",
      "image_url": "https://imageproxy.wolt.com/menu/menu-images/6601c613e48d1c8d95333085/8a8e106e-eae2-11ee-87f2-aae3aea8b537_24837132.jpg",
      "categories": [
        "TRVANLIVÉ",
        "SLADKOSTI"
      ],
      "prices": [
        {
          "store_name": "Albert",
          "price": 39.9,
          "original_price": null,
          "unit_price": 199.5,
          "unit": "Kg",
          "package_size": "200 g",
          "condition": null
        }
      ],
      "description": null
    },
    {
      "name": "Pedigree Dentastix Small péče o ústní dutinu",
      "brand": "Pedigree",
      "product_url": "https://wolt.com/cs/cze/prague/venue/albert-vinohradska/pedigree-dentastix-small-pece-o-ustni-dutinu-itemid-64ca0b7cba162577de489c3d",
      "image_url": "https://imageproxy.wolt.com/menu/menu-images/63ad795db242366d1f818f36/05fbfb68-7826-11f0-91b1-92b75d278206_24212755.jpg",
      "categories": [
        "ZVÍŘATA",
        "PSI"
      ],
      "prices": [
        {
          "store_name": "Albert",
          "price": 64.9,
          "original_price": null,
          "unit_price": 590.0,
          "unit": "Kg",
          "package_size": "110 g",
          "condition": null
        }
      ],
      "description": null
    },
    {
      "name": "Česká chuť Vídeňské párky",
      "brand": "Česká chuť",
      "product_url": "https://wolt.com/cs/cze/prague/venue/albert-vinohradska/ceska-chut-videnske-parky-itemid-657233256818b938df94784b",
      "image_url": "https://imageproxy.wolt.com/menu/menu-images/64ffec4406cca0140dfab831/24eaf41c-8ec5-11ee-95a4-4eeff7c63e9c_27520987.jpg",
      "categories": [
        "UZENINY A LAHŮDKY",
        "PÁRKY A KLOBÁSY"
      ],
      "prices": [
        {
          "store_name": "Albert",
          "price": 104.9,
          "original_price": null,
          "unit_price": 262.25,
          "unit": "Kg",
          "package_size": "400 g",
          "condition": null
        }
      ],
      "description": null
    },
    {
      "name": "Somat Čistič myčky v tabletách",
      "brand": "Somat",
      "product_url": "https://wolt.com/cs/cze/prague/venue/albert-vinohradska/somat-cistic-mycky-v-tabletach-itemid-64ca0b7cba162577de48a190",
      "image_url": "https://imageproxy.wolt.com/menu/menu-images/64ffec4406cca0140dfab831/33e204ca-8eba-11ee-8ccc-22a8008f3216_26585345.jpg",
      "categories": [
        "DROGERIE A KOSMETIKA",
        "MYTÍ NÁDOBÍ"
      ],
      "prices": [
        {
          "store_name": "Albert",
          "price": 79.9,
          "original_price": null,
          "unit_price": 26.63,
          "unit": "ks",
          "package_size": "‪3‬ kusů",
          "condition": null
        }
      ],
      "description": null
    },
    {
      "name": "Albert Brusinková pomazánka",
      "brand": "Albert",
      "product_url": "https://wolt.com/cs/cze/prague/venue/albert-vinohradska/albert-brusinkova-pomazanka-itemid-657233256818b938df948a78",
      "image_url": "https://imageproxy.wolt.com/menu/menu-images/64ffec4406cca0140dfab831/01b27ca6-8ec3-11ee-b588-fae72eeefc2d_27342503.jpg",
      "categories": [
        "TRVANLIVÉ",
        "KONZERVOVANÉ POTR."
      ],
      "prices": [
        {
          "store_name": "Albert",
          "price": 54.9,
          "original_price": null,
          "unit_price": 288.95,
          "unit": "Kg",
          "package_size": "190 g",
          "condition": null
        }
      ],
      "description": null
    },
    {
      "name": "Canti Merlot Rosé",
      "brand": "Canti",
      "product_url": "https://wolt.com/cs/cze/prague/venue/albert-vinohradska/canti-merlot-rose-itemid-657233256818b938df94880a",
      "image_url": "https://imageproxy.wolt.com/menu/menu-images/64ffec4406cca0140dfab831/7800be68-8eb9-11ee-b9f8-1e9e4c6f0bda_26430270.jpg",
      "categories": [
        "NÁPOJE",
        "VÍNA"
      ],
      "prices": [
        {
          "store_name": "Albert",
          "price": null,
          "original_price": null,
          "unit_price": 93.2,
          "unit": "l",
          "package_size": "750 ml",
          "condition": "Sleva, Věkové omezení"
        }
      ],
      "description": null
    },
    {
      "name": "Albert Kapsa pro psa, mix maso a zelenina ve šťávě",
      "brand": "Albert",
      "product_url": "https://wolt.com/cs/cze/prague/venue/albert-vinohradska/albert-kapsa-pro-psa-mix-maso-a-zelenina-ve-stave-itemid-64ca0b7cba162577de489207",
      "image_url": "https://imageproxy.wolt.com/menu/menu-images/63ad795db242366d1f818f36/e15c143a-7827-11f0-90ad-b2a0dd4bf7db_27422229.jpg",
      "categories": [
        "ZVÍŘATA",
        "PSI"
      ],
      "prices": [
        {
          "store_name": "Albert",
          "price": 116.9,
          "original_price": null,
          "unit_price": 97.42,
          "unit": "Kg",
          "package_size": "1,2 kg",
          "condition": null
        }
      ],
      "description": null
    },
    {
      "name": "Albert Plátky pro psy s drůbežím",
      "brand": "Albert",
      "product_url": "https://wolt.com/cs/cze/prague/venue/albert-vinohradska/albert-platky-pro-psy-s-drubezim-itemid-64ca0b7cba162577de48a131",
      "image_url": "https://imageproxy.wolt.com/menu/menu-images/64ffec4406cca0140dfab831/72484766-8eb9-11ee-b76f-96ff514b0205_26427072.jpg",
      "categories": [
        "ZVÍŘATA",
        "PSI"
      ],
      "prices": [
        {
          "store_name": "Albert",
          "price": 24.9,
          "original_price": null,
          "unit_price": 207.5,
          "unit": "Kg",
          "package_size": "120 g",
          "condition": null
        }
      ],
      "description": null
    },
    {
      "name": "Albert Polooštiepok uzený",
      "brand": "Albert",
      "product_url": "https://wolt.com/cs/cze/prague/venue/albert-vinohradska/albert-poloostiepok-uzeny-itemid-64ca0b7cba162577de488a99",
      "image_url": "https://imageproxy.wolt.com/menu/menu-images/64ffec4406cca0140dfab831/77731756-8ebf-11ee-84a7-362baa77ef89_27117408.jpg",
      "categories": [
        "MLÉČNÉ A CHLAZENÉ",
        "SÝRY"
      ],
      "prices": [
        {
          "store_name": "Albert",
          "price": 49.9,
          "original_price": null,
          "unit_price": 302.42,
          "unit": "Kg",
          "package_size": "165 g",
          "condition": null
        }
      ],
      "description": null
    },
    {
      "name": "Dr. Oetker Vanilínový cukr",
      "brand": "Dr. Oetker",
      "product_url": "https://wolt.com/cs/cze/prague/venue/albert-vinohradska/dr-oetker-vanilinovy-cukr-itemid-64ca0b7cba162577de488063",
      "image_url": "https://imageproxy.wolt.com/menu/menu-images/63ad795db242366d1f818f36/f8a20206-a8e9-11f0-9d14-02b26d8f5af3_23319455.jpg",
      "categories": [
        "TRVANLIVÉ",
        "PEČENÍ A VAŘENÍ"
      ],
      "prices": [
        {
          "store_name": "Albert",
          "price": 23.9,
          "original_price": null,
          "unit_price": 239.0,
          "unit": "Kg",
          "package_size": "100 g",
          "condition": null
        }
      ],
      "description": null
    },
    {
      "name": "Caprio jablko",
      "brand": "Caprio",
      "product_url": "https://wolt.com/cs/cze/prague/venue/albert-vinohradska/caprio-jablko-itemid-64ca0b7cba162577de489586",
      "image_url": "https://imageproxy.wolt.com/menu/menu-images/64ffec4406cca0140dfab831/ef63168c-8eb3-11ee-9101-16e6bf59122a_25206524.jpg",
      "categories": [
        "NÁPOJE",
        "DŽUSY A NEKTARY"
      ],
      "prices": [
        {
          "store_name": "Albert",
          "price": 49.9,
          "original_price": null,
          "unit_price": 24.95,
          "unit": "l",
          "package_size": "2 l",
          "condition": null
        }
      ],
      "description": null
    },
    {
      "name": "BRI Croissant",
      "brand": "BRI",
      "product_url": "https://wolt.com/cs/cze/prague/venue/albert-vinohradska/bri-croissant-itemid-6876153a0c6218e9f3e5f461",
      "image_url": "https://imageproxy.wolt.com/menu/menu-images/64b62ec5e5ab70cdc92e30f0/18f40300-616f-11f0-9ec0-fa8755900022_27476864.jpg",
      "categories": [
        "MRAŽENÉ POTRAVINY",
        "MRAŽENÁ PIZZA A HOTOVÁ JÍDLA"
      ],
      "prices": [
        {
          "store_name": "Albert",
          "price": 114.9,
          "original_price": null,
          "unit_price": 319.17,
          "unit": "Kg",
          "package_size": "360 g",
          "condition": null
        }
      ],
      "description": null
    },
    {
      "name": "Marqués de Griňon Rioja Crianza",
      "brand": "Marqués",
      "product_url": "https://wolt.com/cs/cze/prague/venue/albert-vinohradska/marques-de-grinon-rioja-crianza-itemid-64ca0b7cba162577de48a060",
      "image_url": "https://imageproxy.wolt.com/menu/menu-images/64ffec4406cca0140dfab831/67a7dcf8-8ebf-11ee-a391-52ab36f7ffbc_27113981.jpg",
      "categories": [
        "NÁPOJE",
        "VÍNA"
      ],
      "prices": [
        {
          "store_name": "Albert",
          "price": 399.0,
          "original_price": null,
          "unit_price": 532.0,
          "unit": "l",
          "package_size": "750 ml, 14% alc",
          "condition": "18+"
        }
      ],
      "description": null
    },
    {
      "name": "Knorr Polévka písmenková",
      "brand": "Knorr",
      "product_url": "https://wolt.com/cs/cze/prague/venue/albert-vinohradska/knorr-polevka-pismenkova-itemid-6601e06fd916113bcf2d6bb7",
      "image_url": "https://imageproxy.wolt.com/menu/menu-images/6601c613e48d1c8d95333085/4a289d58-eae4-11ee-b48e-86ed91a9399a_27532324.jpg",
      "categories": [
        "TRVANLIVÉ",
        "INSTANTNÍ POKRMY"
      ],
      "prices": [
        {
          "store_name": "Albert",
          "price": 46.9,
          "original_price": null,
          "unit_price": 571.95,
          "unit": "Kg",
          "package_size": "82 g",
          "condition": "Vyprodáno"
        }
      ],
      "description": null
    },
    {
      "name": "Nature's Promise Bio Jogurt bílý",
      "brand": "Nature's Promise",
      "product_url": "https://wolt.com/cs/cze/prague/venue/albert-vinohradska/nature-s-promise-bio-jogurt-bily-itemid-64ca0b7cba162577de48915e",
      "image_url": "https://imageproxy.wolt.com/menu/menu-images/63ad795db242366d1f818f36/28c8485a-a8ea-11f0-bba2-661b5d74e69a_27460863.jpg",
      "categories": [
        "MLÉČNÉ A CHLAZENÉ",
        "JOGURTY A DEZERTY"
      ],
      "prices": [
        {
          "store_name": "Albert",
          "price": null,
          "original_price": null,
          "unit_price": 52.25,
          "unit": "Kg",
          "package_size": "400 g",
          "condition": "Sleva"
        }
      ],
      "description": null
    },
    {
      "name": "Smetanito Giga smetanové",
      "brand": "Smetanito",
      "product_url": "https://wolt.com/cs/cze/prague/venue/albert-vinohradska/smetanito-giga-smetanove-itemid-64ca0b7cba162577de4895b3",
      "image_url": "https://imageproxy.wolt.com/menu/menu-images/63ad795db242366d1f818f36/c7565222-5efa-11ef-a671-b2e6b1f742b8_23152960.jpg",
      "categories": [
        "MLÉČNÉ A CHLAZENÉ",
        "SÝRY"
      ],
      "prices": [
        {
          "store_name": "Albert",
          "price": 69.9,
          "original_price": null,
          "unit_price": 349.5,
          "unit": "Kg",
          "package_size": "200 g",
          "condition": null
        }
      ],
      "description": null
    },
    {
      "name": "Moravia Smetana sladká 12%",
      "brand": "Moravia",
      "product_url": "https://wolt.com/cs/cze/prague/venue/albert-vinohradska/moravia-smetana-sladka-12-itemid-657233256818b938df948569",
      "image_url": "https://imageproxy.wolt.com/menu/menu-images/64ffec4406cca0140dfab831/11eb2d36-8ead-11ee-bc75-424f0985e4ef_20455224.jpg",
      "categories": [
        "MLÉČNÉ A CHLAZENÉ",
        "MLÉČNÉ NÁPOJE"
      ],
      "prices": [
        {
          "store_name": "Albert",
          "price": 46.9,
          "original_price": null,
          "unit_price": 93.8,
          "unit": "l",
          "package_size": "500 ml",
          "condition": null
        }
      ],
      "description": null
    },
    {
      "name": "Sheba Delicacy in Jelly drůbeží výběr v želé",
      "brand": "Sheba",
      "product_url": "https://wolt.com/cs/cze/prague/venue/albert-vinohradska/sheba-delicacy-in-jelly-drubezi-vyber-v-zele-itemid-64ca0b7cba162577de489cb5",
      "image_url": "https://imageproxy.wolt.com/menu/menu-images/64ffec4406cca0140dfab831/fc37f268-8eb5-11ee-b996-76d18bdc0849_25673197.jpg",
      "categories": [
        "ZVÍŘATA",
        "KOČKY"
      ],
      "prices": [
        {
          "store_name": "Albert",
          "price": 59.9,
          "original_price": null,
          "unit_price": 176.18,
          "unit": "Kg",
          "package_size": "340 g",
          "condition": null
        }
      ],
      "description": null
    },
    {
      "name": "Le & Co Anglická slanina shaved",
      "brand": "Le & Co",
      "product_url": "https://wolt.com/cs/cze/prague/venue/albert-vinohradska/le-co-anglicka-slanina-shaved-itemid-657233256818b938df947821",
      "image_url": "https://imageproxy.wolt.com/menu/menu-images/64ffec4406cca0140dfab831/ad8d9aa2-8eb8-11ee-a4a2-be8c16d2d45a_26202693.jpg",
      "categories": [
        "UZENINY A LAHŮDKY",
        "ŠUNKY A SLANINY"
      ],
      "prices": [
        {
          "store_name": "Albert",
          "price": 39.9,
          "original_price": null,
          "unit_price": 399.0,
          "unit": "Kg",
          "package_size": "100 g",
          "condition": null
        }
      ],
      "description": null
    },
    {
      "name": "Big Shock! Tyčinka originál",
      "brand": "Big",
      "product_url": "https://wolt.com/cs/cze/prague/venue/albert-vinohradska/big-shock-tycinka-original-itemid-64ca0b7cba162577de48993c",
      "image_url": "https://imageproxy.wolt.com/menu/menu-images/64ffec4406cca0140dfab831/1c10f9f0-8eb5-11ee-a279-166df9adf1b7_25493764.jpg",
      "categories": [
        "TRVANLIVÉ",
        "SLADKOSTI"
      ],
      "prices": [
        {
          "store_name": "Albert",
          "price": 19.9,
          "original_price": null,
          "unit_price": 306.15,
          "unit": "Kg",
          "package_size": "65 g",
          "condition": null
        }
      ],
      "description": null
    },
    {
      "name": "Fresh Bistro Polévka ze zeleného chřestu",
      "brand": "Fresh Bistro",
      "product_url": "https://wolt.com/cs/cze/prague/venue/albert-vinohradska/fresh-bistro-polevka-ze-zeleneho-chrestu-itemid-64ca0b7cba162577de4887f5",
      "image_url": "https://imageproxy.wolt.com/menu/menu-images/64ffec4406cca0140dfab831/5c33a33a-8ebe-11ee-8a4f-9ec5d8563a7d_27026687.jpg",
      "categories": [
        "UZENINY A LAHŮDKY",
        "HOTOVKY A PŘÍLOHY"
      ],
      "prices": [
        {
          "store_name": "Albert",
          "price": 56.9,
          "original_price": null,
          "unit_price": 142.25,
          "unit": "Kg",
          "package_size": "400 g",
          "condition": "Vyprodáno"
        }
      ],
      "description": null
    },
    {
      "name": "Albert Cizrna celá",
      "brand": "Albert",
      "product_url": "https://wolt.com/cs/cze/prague/venue/albert-vinohradska/albert-cizrna-cela-itemid-64ca0b7cba162577de48877f",
      "image_url": "https://imageproxy.wolt.com/menu/menu-images/64ffec4406cca0140dfab831/282dc374-8ec1-11ee-b609-6249ed284aa4_27219430.jpg",
      "categories": [
        "TRVANLIVÉ",
        "RÝŽE A LUŠTENINY"
      ],
      "prices": [
        {
          "store_name": "Albert",
          "price": 33.9,
          "original_price": null,
          "unit_price": 67.8,
          "unit": "Kg",
          "package_size": "500 g",
          "condition": null
        }
      ],
      "description": null
    },
    {
      "name": "Big Shock! Gold energetický nápoj",
      "brand": "Big",
      "product_url": "https://wolt.com/cs/cze/prague/venue/albert-vinohradska/big-shock-gold-energeticky-napoj-itemid-64ca0b7cba162577de4895fd",
      "image_url": "https://imageproxy.wolt.com/menu/menu-images/63ad795db242366d1f818f36/91dafcba-aef6-11ee-8592-0659c755bd3c_24660259.jpg",
      "categories": [
        "NÁPOJE",
        "ENERGY NÁPOJE"
      ],
      "prices": [
        {
          "store_name": "Albert",
          "price": 41.9,
          "original_price": null,
          "unit_price": 83.8,
          "unit": "l",
          "package_size": "500 ml",
          "condition": null
        }
      ],
      "description": null
    },
    {
      "name": "Gervais de la crème S česnekem a bylinkami",
      "brand": "Gervais",
      "product_url": "https://wolt.com/cs/cze/prague/venue/albert-vinohradska/gervais-de-la-creme-s-cesnekem-a-bylinkami-itemid-681b5abffcbd67bf7a8f4a35",
      "image_url": "https://imageproxy.wolt.com/menu/menu-images/63ad795db242366d1f818f36/ffa3d6ee-2b47-11f0-88f7-26adcdbea7f7_27981832.jpg",
      "categories": [
        "MLÉČNÉ A CHLAZENÉ",
        "SÝRY"
      ],
      "prices": [
        {
          "store_name": "Albert",
          "price": null,
          "original_price": null,
          "unit_price": 249.44,
          "unit": "Kg",
          "package_size": "180 g",
          "condition": "Sleva, Vyprodáno"
        }
      ],
      "description": null
    },
    {
      "name": "Bonavita Müsli med a ořech",
      "brand": "Bonavita",
      "product_url": "https://wolt.com/cs/cze/prague/venue/albert-vinohradska/bonavita-musli-med-a-orech-itemid-64ca0b7cba162577de48981e",
      "image_url": "https://imageproxy.wolt.com/menu/menu-images/64ffec4406cca0140dfab831/02e248f0-8eb3-11ee-b477-c6aa6b123400_24940597.jpg",
      "categories": [
        "TRVANLIVÉ",
        "MÜSLI A CEREÁLIE"
      ],
      "prices": [
        {
          "store_name": "Albert",
          "price": 115.9,
          "original_price": null,
          "unit_price": 154.53,
          "unit": "Kg",
          "package_size": "750 g",
          "condition": null
        }
      ],
      "description": null
    },
    {
      "name": "Mentos Pure Fresh Bubble Fresh žvýkačky",
      "brand": "Mentos",
      "product_url": "https://wolt.com/cs/cze/prague/venue/albert-vinohradska/mentos-pure-fresh-bubble-fresh-zvykacky-itemid-64ca0b7cba162577de48a16a",
      "image_url": "https://imageproxy.wolt.com/menu/menu-images/64ffec4406cca0140dfab831/4841b0d6-8ebb-11ee-a9c0-7217cc85b990_26760988.jpg",
      "categories": [
        "TRVANLIVÉ",
        "SLADKOSTI"
      ],
      "prices": [
        {
          "store_name": "Albert",
          "price": 19.9,
          "original_price": null,
          "unit_price": 663.33,
          "unit": "Kg",
          "package_size": "30 g",
          "condition": null
        }
      ],
      "description": null
    },
    {
      "name": "Sanytol Dezinfekce sprej univerzální čistič",
      "brand": "Sanytol",
      "product_url": "https://wolt.com/cs/cze/prague/venue/albert-vinohradska/sanytol-dezinfekce-sprej-univerzalni-cistic-itemid-64ca0b7cba162577de488ceb",
      "image_url": "https://imageproxy.wolt.com/menu/menu-images/63ad795db242366d1f818f36/37baaf18-4e4d-11ef-9918-d626f79cb050_24843843.jpg",
      "categories": [
        "DROGERIE A KOSMETIKA",
        "ČISTÍCÍ PROSTŘEDKY"
      ],
      "prices": [
        {
          "store_name": "Albert",
          "price": 89.9,
          "original_price": null,
          "unit_price": 179.8,
          "unit": "l",
          "package_size": "500 ml",
          "condition": null
        }
      ],
      "description": null
    },
    {
      "name": "Bad Reichenhaller Alpská sůl s jódem",
      "brand": "Bad Reichenhaller",
      "product_url": "https://wolt.com/cs/cze/prague/venue/albert-vinohradska/bad-reichenhaller-alpska-sul-s-jodem-itemid-64ca0b7cba162577de488a81",
      "image_url": "https://imageproxy.wolt.com/menu/menu-images/64ffec4406cca0140dfab831/ea73042c-8eac-11ee-bd85-6294619ebc29_20436841.jpg",
      "categories": [
        "TRVANLIVÉ",
        "KOŘENÍ A OCHUCOVADLA"
      ],
      "prices": [
        {
          "store_name": "Albert",
          "price": 24.9,
          "original_price": null,
          "unit_price": 49.8,
          "unit": "Kg",
          "package_size": "500 g",
          "condition": null
        }
      ],
      "description": null
    },
    {
      "name": "Poděbradka Jemně perlivá citrón",
      "brand": "Poděbradka",
      "product_url": "https://wolt.com/cs/cze/prague/venue/albert-vinohradska/podebradka-jemne-perliva-citron-itemid-64ca0b7cba162577de48953a",
      "image_url": "https://imageproxy.wolt.com/menu/menu-images/63ad795db242366d1f818f36/d07ff7b4-7825-11f0-8d1b-964402471bda_20493943.jpg",
      "categories": [
        "NÁPOJE",
        "VODY A MINERÁLKY"
      ],
      "prices": [
        {
          "store_name": "Albert",
          "price": 13.9,
          "original_price": null,
          "unit_price": 9.27,
          "unit": "l",
          "package_size": "1,5 l",
          "condition": null
        }
      ],
      "description": null
    },
    {
      "name": "Kinder Cards",
      "brand": "Kinder",
      "product_url": "https://wolt.com/cs/cze/prague/venue/albert-vinohradska/kinder-cards-itemid-651c867b4cc209c0e71e07ce",
      "image_url": "https://imageproxy.wolt.com/menu/menu-images/64ffec4406cca0140dfab831/469f08c4-8ec4-11ee-8478-f29ca2c99672_27460085.jpg",
      "categories": [
        "TRVANLIVÉ",
        "SLADKOSTI"
      ],
      "prices": [
        {
          "store_name": "Albert",
          "price": 84.9,
          "original_price": null,
          "unit_price": 663.28,
          "unit": "Kg",
          "package_size": "128 g",
          "condition": null
        }
      ],
      "description": null
    },
    {
      "name": "Choceňské tradiční pomazánkové se šunkou",
      "brand": "Choceňské",
      "product_url": "https://wolt.com/cs/cze/prague/venue/albert-vinohradska/chocenske-tradicni-pomazankove-se-sunkou-itemid-657233256818b938df948646",
      "image_url": "https://imageproxy.wolt.com/menu/menu-images/64ffec4406cca0140dfab831/eaea9856-8ead-11ee-92e5-96106fe39af5_21453793.jpg",
      "categories": [
        "MLÉČNÉ A CHLAZENÉ",
        "MÁSLO A TUKY"
      ],
      "prices": [
        {
          "store_name": "Albert",
          "price": 43.9,
          "original_price": null,
          "unit_price": 292.67,
          "unit": "Kg",
          "package_size": "150 g",
          "condition": null
        }
      ],
      "description": null
    },
    {
      "name": "Nekton Sardinky v rostlinném oleji",
      "brand": "Nekton",
      "product_url": "https://wolt.com/cs/cze/prague/venue/albert-vinohradska/nekton-sardinky-v-rostlinnem-oleji-itemid-657233256818b938df948458",
      "image_url": "https://imageproxy.wolt.com/menu/menu-images/64ffec4406cca0140dfab831/db2c84ce-8ead-11ee-a9e2-3e53a922e9b0_21385568.jpg",
      "categories": [
        "TRVANLIVÉ",
        "KONZERVOVANÉ POTR."
      ],
      "prices": [
        {
          "store_name": "Albert",
          "price": 43.9,
          "original_price": null,
          "unit_price": 487.78,
          "unit": "Kg",
          "package_size": "90 g",
          "condition": null
        }
      ],
      "description": null
    },
    {
      "name": "Marilky nugátové",
      "brand": "Marilky",
      "product_url": "https://wolt.com/cs/cze/prague/venue/albert-vinohradska/marilky-nugatove-itemid-64ca0b7cba162577de4895eb",
      "image_url": "https://imageproxy.wolt.com/menu/menu-images/64ffec4406cca0140dfab831/52509510-8ec0-11ee-934d-92f467c0c86c_27167946.jpg",
      "categories": [
        "TRVANLIVÉ",
        "SLADKOSTI"
      ],
      "prices": [
        {
          "store_name": "Albert",
          "price": 9.9,
          "original_price": null,
          "unit_price": 300.0,
          "unit": "Kg",
          "package_size": "33 g",
          "condition": null
        }
      ],
      "description": null
    },
    {
      "name": "Perla Origins Kenya mletá káva",
      "brand": "Perla",
      "product_url": "https://wolt.com/cs/cze/prague/venue/albert-vinohradska/perla-origins-kenya-mleta-kava-itemid-64ca0b7cba162577de489a81",
      "image_url": "https://imageproxy.wolt.com/menu/menu-images/63ad795db242366d1f818f36/698e874e-4e4d-11ef-9038-a2988d633ddb_27258156.jpg",
      "categories": [
        "NÁPOJE",
        "KÁVA A ČAJ"
      ],
      "prices": [
        {
          "store_name": "Albert",
          "price": 149.9,
          "original_price": null,
          "unit_price": 599.6,
          "unit": "Kg",
          "package_size": "250 g",
          "condition": null
        }
      ],
      "description": null
    },
    {
      "name": "Albert Piškoty",
      "brand": "Albert",
      "product_url": "https://wolt.com/cs/cze/prague/venue/albert-vinohradska/albert-piskoty-itemid-64ca0b7cba162577de4884c3",
      "image_url": "https://imageproxy.wolt.com/menu/menu-images/64ffec4406cca0140dfab831/72f0189c-8eaf-11ee-86d3-0ad9bf6baf5b_23320666.jpg",
      "categories": [
        "TRVANLIVÉ",
        "SLADKOSTI"
      ],
      "prices": [
        {
          "store_name": "Albert",
          "price": 29.9,
          "original_price": null,
          "unit_price": 124.58,
          "unit": "Kg",
          "package_size": "240 g",
          "condition": null
        }
      ],
      "description": null
    },
    {
      "name": "Savo bez chloru na podlahy levandule",
      "brand": "Savo",
      "product_url": "https://wolt.com/cs/cze/prague/venue/albert-vinohradska/savo-bez-chloru-na-podlahy-levandule-itemid-64ca0b7cba162577de48a028",
      "image_url": "https://imageproxy.wolt.com/menu/menu-images/64ffec4406cca0140dfab831/9961d600-8eb9-11ee-bf85-1ec840397d06_26458052.jpg",
      "categories": [
        "DROGERIE A KOSMETIKA",
        "ČISTÍCÍ PROSTŘEDKY"
      ],
      "prices": [
        {
          "store_name": "Albert",
          "price": 99.9,
          "original_price": null,
          "unit_price": 99.9,
          "unit": "l",
          "package_size": "1 l",
          "condition": null
        }
      ],
      "description": null
    },
    {
      "name": "Naturella Classic Night Camomile vložky",
      "brand": "Naturella",
      "product_url": "https://wolt.com/cs/cze/prague/venue/albert-vinohradska/naturella-classic-night-camomile-vlozky-itemid-64ca0b7cba162577de488e57",
      "image_url": "https://imageproxy.wolt.com/menu/menu-images/63ad795db242366d1f818f36/5c65f0e4-0608-11ef-a2d7-96429d34b4f0_25313741.jpg",
      "categories": [
        "DROGERIE A KOSMETIKA",
        "DÁMSKÉ HYG. POTŘEBY"
      ],
      "prices": [
        {
          "store_name": "Albert",
          "price": 72.9,
          "original_price": null,
          "unit_price": 5.21,
          "unit": "ks",
          "package_size": "‪14‬ kusů",
          "condition": null
        }
      ],
      "description": null
    },
    {
      "name": "Bohemilk Opočenské Čerstvé mléko plnotučné",
      "brand": "Bohemilk",
      "product_url": "https://wolt.com/cs/cze/prague/venue/albert-vinohradska/bohemilk-opocenske-cerstve-mleko-plnotucne-itemid-64ca0b7cba162577de489467",
      "image_url": "https://imageproxy.wolt.com/menu/menu-images/64ffec4406cca0140dfab831/b4c4b112-8eb7-11ee-8c80-eadf6ce36c9d_26020242.jpg",
      "categories": [
        "MLÉČNÉ A CHLAZENÉ",
        "MLÉČNÉ NÁPOJE"
      ],
      "prices": [
        {
          "store_name": "Albert",
          "price": 45.9,
          "original_price": null,
          "unit_price": 61.2,
          "unit": "l",
          "package_size": "750 ml",
          "condition": null
        }
      ],
      "description": null
    },
    {
      "name": "7Days Mini Croissant náplň kakaovo-vanilková",
      "brand": "7Days",
      "product_url": "https://wolt.com/cs/cze/prague/venue/albert-vinohradska/7days-mini-croissant-napln-kakaovo-vanilkova-itemid-657233256818b938df947855",
      "image_url": "https://imageproxy.wolt.com/menu/menu-images/64ffec4406cca0140dfab831/2fa71f62-8ec9-11ee-91bd-8a2356a84f6b_27740767.jpg",
      "categories": [
        "PEKÁRNA A CUKRÁRNA",
        "SLADKÉ PEČIVO BALENÉ"
      ],
      "prices": [
        {
          "store_name": "Albert",
          "price": 52.9,
          "original_price": null,
          "unit_price": 285.95,
          "unit": "Kg",
          "package_size": "185 g",
          "condition": null
        }
      ],
      "description": null
    },
    {
      "name": "Nature's Promise 100% arašídový krém jemný",
      "brand": "Nature's Promise",
      "product_url": "https://wolt.com/cs/cze/prague/venue/albert-vinohradska/nature-s-promise-100-arasidovy-krem-jemny-itemid-64ca0b7cba162577de488ae1",
      "image_url": "https://imageproxy.wolt.com/menu/menu-images/64ffec4406cca0140dfab831/e2a4563c-8ec6-11ee-8769-0eb01a66e252_27630556.jpg",
      "categories": [
        "TRVANLIVÉ",
        "MEDY A SL. POMAZÁNKY"
      ],
      "prices": [
        {
          "store_name": "Albert",
          "price": 84.9,
          "original_price": null,
          "unit_price": 242.57,
          "unit": "Kg",
          "package_size": "350 g",
          "condition": null
        }
      ],
      "description": null
    },
    {
      "name": "Product Bohemia Med včelí květový smíšený",
      "brand": "Product",
      "product_url": "https://wolt.com/cs/cze/prague/venue/albert-vinohradska/product-bohemia-med-vceli-kvetovy-smiseny-itemid-6601e1f8a51e7fff8ad800db",
      "image_url": "https://imageproxy.wolt.com/menu/menu-images/6601c613e48d1c8d95333085/81850b08-eae2-11ee-a4b7-0a57c3b26f42_24657624.jpg",
      "categories": [
        "TRVANLIVÉ",
        "MEDY A SL. POMAZÁNKY"
      ],
      "prices": [
        {
          "store_name": "Albert",
          "price": 199.0,
          "original_price": null,
          "unit_price": 306.15,
          "unit": "Kg",
          "package_size": "650 g",
          "condition": null
        }
      ],
      "description": null
    },
    {
      "name": "Fresh Bistro Kuřecí kebab salát",
      "brand": "Fresh Bistro",
      "product_url": "https://wolt.com/cs/cze/prague/venue/albert-vinohradska/fresh-bistro-kureci-kebab-salat-itemid-64ca0b7cba162577de48992a",
      "image_url": "https://imageproxy.wolt.com/menu/menu-images/64ffec4406cca0140dfab831/b21ccff2-8ec7-11ee-9d10-2e546726778e_27672716.jpg",
      "categories": [
        "UZENINY A LAHŮDKY",
        "HOTOVKY A PŘÍLOHY"
      ],
      "prices": [
        {
          "store_name": "Albert",
          "price": null,
          "original_price": null,
          "unit_price": 295.22,
          "unit": "Kg",
          "package_size": "230 g",
          "condition": "Sleva"
        }
      ],
      "description": null
    },
    {
      "name": "Mysli pohankové bezlepkové jahoda kokos",
      "brand": "Mysli",
      "product_url": "https://wolt.com/cs/cze/prague/venue/albert-vinohradska/mysli-pohankove-bezlepkove-jahoda-kokos-itemid-64ca0b7cba162577de4898f8",
      "image_url": "https://imageproxy.wolt.com/menu/menu-images/64ffec4406cca0140dfab831/2f991dd8-8ebd-11ee-a65c-024004d5d6b2_26927589.jpg",
      "categories": [
        "TRVANLIVÉ",
        "MÜSLI A CEREÁLIE"
      ],
      "prices": [
        {
          "store_name": "Albert",
          "price": null,
          "original_price": null,
          "unit_price": 205.59,
          "unit": "Kg",
          "package_size": "340 g",
          "condition": "Sleva"
        }
      ],
      "description": null
    },
    {
      "name": "Vinea Bílá",
      "brand": "Vinea",
      "product_url": "https://wolt.com/cs/cze/prague/venue/albert-vinohradska/vinea-bila-itemid-657233256818b938df948af9",
      "image_url": "https://imageproxy.wolt.com/menu/menu-images/63ad795db242366d1f818f36/119e38be-7826-11f0-beb3-92b75d278206_25238006.jpg",
      "categories": [
        "NÁPOJE",
        "LIMONÁDY"
      ],
      "prices": [
        {
          "store_name": "Albert",
          "price": 36.9,
          "original_price": null,
          "unit_price": 24.6,
          "unit": "l",
          "package_size": "1,5 l",
          "condition": null
        }
      ],
      "description": null
    },
    {
      "name": "Persil Prací gel Color levandule",
      "brand": "Persil",
      "product_url": "https://wolt.com/cs/cze/prague/venue/albert-vinohradska/persil-praci-gel-color-levandule-itemid-657233256818b938df947c49",
      "image_url": "https://imageproxy.wolt.com/menu/menu-images/64ffec4406cca0140dfab831/a40dce0a-8eba-11ee-bdf6-f676b94e1855_26659787.jpg",
      "categories": [
        "DROGERIE A KOSMETIKA",
        "PRACÍ PROSTŘEDKY"
      ],
      "prices": [
        {
          "store_name": "Albert",
          "price": 379.0,
          "original_price": null,
          "unit_price": 4.74,
          "unit": "ks",
          "package_size": "‪80‬ kusů",
          "condition": "Vyprodáno"
        }
      ],
      "description": null
    },
    {
      "name": "Hello Ovocná přesnídávka s meruňkami",
      "brand": "Hello",
      "product_url": "https://wolt.com/cs/cze/prague/venue/albert-vinohradska/hello-ovocna-presnidavka-s-merunkami-itemid-64ca0b7cba162577de4881e3",
      "image_url": "https://imageproxy.wolt.com/menu/menu-images/63ad795db242366d1f818f36/2aaf3b00-7826-11f0-a276-d2ec4b2c639f_25820942.jpg",
      "categories": [
        "DÍTĚ",
        "VÝŽIVA"
      ],
      "prices": [
        {
          "store_name": "Albert",
          "price": 7.9,
          "original_price": null,
          "unit_price": 79.0,
          "unit": "Kg",
          "package_size": "100 g",
          "condition": null
        }
      ],
      "description": null
    },
    {
      "name": "Madeta Jihočeský tvaroh tučný",
      "brand": "Madeta",
      "product_url": "https://wolt.com/cs/cze/prague/venue/albert-vinohradska/madeta-jihocesky-tvaroh-tucny-itemid-64ca0b7cba162577de4891bf",
      "image_url": "https://imageproxy.wolt.com/menu/menu-images/63ad795db242366d1f818f36/bcde02fa-7825-11f0-b98b-f2fa7a2cce89_20294472.jpg",
      "categories": [
        "MLÉČNÉ A CHLAZENÉ",
        "TVAROHY"
      ],
      "prices": [
        {
          "store_name": "Albert",
          "price": null,
          "original_price": null,
          "unit_price": 87.6,
          "unit": "Kg",
          "package_size": "250 g",
          "condition": "Sleva"
        }
      ],
      "description": null
    },
    {
      "name": "Rio Nata de coco liči",
      "brand": "Rio",
      "product_url": "https://wolt.com/cs/cze/prague/venue/albert-vinohradska/rio-nata-de-coco-lici-itemid-6601f57cb8aad897b5f8bb01",
      "image_url": "https://imageproxy.wolt.com/menu/menu-images/63ad795db242366d1f818f36/b0ce116c-be3e-11f0-b76b-beacfda3ae10_27794142.jpg",
      "categories": [
        "NÁPOJE",
        "DŽUSY A NEKTARY"
      ],
      "prices": [
        {
          "store_name": "Albert",
          "price": 42.9,
          "original_price": null,
          "unit_price": 107.25,
          "unit": "l",
          "package_size": "400 ml",
          "condition": null
        }
      ],
      "description": null
    },
    {
      "name": "Schnitzer Bio Bagetky bez lepku",
      "brand": "Schnitzer",
      "product_url": "https://wolt.com/cs/cze/prague/venue/albert-vinohradska/schnitzer-bio-bagetky-bez-lepku-itemid-681b5abffcbd67bf7a8f4a7b",
      "image_url": "https://imageproxy.wolt.com/menu/menu-images/63ad795db242366d1f818f36/9644634e-2b47-11f0-b61f-e66f4648c6a0_27923245.jpg",
      "categories": [
        "PEKÁRNA A CUKRÁRNA",
        "BEZLEPKOVÉ PEČIVO"
      ],
      "prices": [
        {
          "store_name": "Albert",
          "price": null,
          "original_price": null,
          "unit_price": 349.5,
          "unit": "Kg",
          "package_size": "200 g",
          "condition": "Sleva"
        }
      ],
      "description": null
    },
    {
      "name": "Nature's Promise Mléko polotučné bez laktózy",
      "brand": "Nature's Promise",
      "product_url": "https://wolt.com/cs/cze/prague/venue/albert-vinohradska/nature-s-promise-mleko-polotucne-bez-laktozy-itemid-64ca0b7cba162577de488cd9",
      "image_url": "https://imageproxy.wolt.com/menu/menu-images/64ffec4406cca0140dfab831/867f47ba-92e3-11ee-ad11-f6715309c94c_27065952.jpg",
      "categories": [
        "MLÉČNÉ A CHLAZENÉ",
        "MLÉČNÉ NÁPOJE"
      ],
      "prices": [
        {
          "store_name": "Albert",
          "price": null,
          "original_price": null,
          "unit_price": 21.9,
          "unit": "l",
          "package_size": "1 l",
          "condition": "Sleva"
        }
      ],
      "description": null
    },
    {
      "name": "Milko Copánek uzený",
      "brand": "Milko",
      "product_url": "https://wolt.com/cs/cze/prague/venue/albert-vinohradska/milko-copanek-uzeny-itemid-64ca0b7cba162577de48994c",
      "image_url": "https://imageproxy.wolt.com/menu/menu-images/64ffec4406cca0140dfab831/cc58f804-8eb9-11ee-a7c4-325d7328b531_26494135.jpg",
      "categories": [
        "MLÉČNÉ A CHLAZENÉ",
        "SÝRY"
      ],
      "prices": [
        {
          "store_name": "Albert",
          "price": 59.9,
          "original_price": null,
          "unit_price": 855.71,
          "unit": "Kg",
          "package_size": "70 g",
          "condition": null
        }
      ],
      "description": null
    },
    {
      "name": "Penam Chléb super sandwich, krájený",
      "brand": "Penam",
      "product_url": "https://wolt.com/cs/cze/prague/venue/albert-vinohradska/penam-chleb-super-sandwich-krajeny-itemid-657233256818b938df947859",
      "image_url": "https://imageproxy.wolt.com/menu/menu-images/64ffec4406cca0140dfab831/14a6f070-8eb0-11ee-a546-f2309c23f2b6_23630291.jpg",
      "categories": [
        "PEKÁRNA A CUKRÁRNA",
        "CHLÉB BALENÝ"
      ],
      "prices": [
        {
          "store_name": "Albert",
          "price": 51.9,
          "original_price": null,
          "unit_price": 69.2,
          "unit": "Kg",
          "package_size": "750 g",
          "condition": null
        }
      ],
      "description": null
    },
    {
      "name": "Bertold světlé výčepní",
      "brand": "Bertold",
      "product_url": "https://wolt.com/cs/cze/prague/venue/albert-vinohradska/bertold-svetle-vycepni-itemid-64ca0b7cba162577de488719",
      "image_url": "https://imageproxy.wolt.com/menu/menu-images/63ad795db242366d1f818f36/b4cc64fc-5efa-11ef-a0f1-f6cc5ff5ef9a_25436303.jpg",
      "categories": [
        "NÁPOJE",
        "PIVA"
      ],
      "prices": [
        {
          "store_name": "Albert",
          "price": 14.9,
          "original_price": null,
          "unit_price": 29.8,
          "unit": "l",
          "package_size": "500 ml, 3,5% alc",
          "condition": "18+"
        }
      ],
      "description": null
    },
    {
      "name": "Albert Duetky s jablečnou náplní",
      "brand": "Albert",
      "product_url": "https://wolt.com/cs/cze/prague/venue/albert-vinohradska/albert-duetky-s-jablecnou-naplni-itemid-64ca0b7cba162577de489206",
      "image_url": "https://imageproxy.wolt.com/menu/menu-images/64ffec4406cca0140dfab831/19427200-8eb3-11ee-bf09-1ec840397d06_24955492.jpg",
      "categories": [
        "PEKÁRNA A CUKRÁRNA",
        "SLADKÉ PEČIVO BALENÉ"
      ],
      "prices": [
        {
          "store_name": "Albert",
          "price": null,
          "original_price": null,
          "unit_price": 135.91,
          "unit": "Kg",
          "package_size": "220 g",
          "condition": "Sleva"
        }
      ],
      "description": null
    },
    {
      "name": "Brise de France Chardonnay",
      "brand": "Brise de France",
      "product_url": "https://wolt.com/cs/cze/prague/venue/albert-vinohradska/brise-de-france-chardonnay-itemid-64ca0b7cba162577de488aa3",
      "image_url": "https://imageproxy.wolt.com/menu/menu-images/64ffec4406cca0140dfab831/bfefc628-8eb0-11ee-b4c0-2e3db4b64128_23989627.jpg",
      "categories": [
        "NÁPOJE",
        "VÍNA"
      ],
      "prices": [
        {
          "store_name": "Albert",
          "price": 92.9,
          "original_price": null,
          "unit_price": 123.87,
          "unit": "l",
          "package_size": "750 ml, 12,5% alc",
          "condition": "18+"
        }
      ],
      "description": null
    },
    {
      "name": "Orion Studentská pečeť hořká",
      "brand": "Orion",
      "product_url": "https://wolt.com/cs/cze/prague/venue/albert-vinohradska/orion-studentska-pecet-horka-itemid-64ca0b7cba162577de48857d",
      "image_url": "https://imageproxy.wolt.com/menu/menu-images/64ffec4406cca0140dfab831/b290181a-8eac-11ee-9458-a2125de7b4cb_20318949.jpg",
      "categories": [
        "TRVANLIVÉ",
        "SLADKOSTI"
      ],
      "prices": [
        {
          "store_name": "Albert",
          "price": 69.9,
          "original_price": null,
          "unit_price": 411.18,
          "unit": "Kg",
          "package_size": "170 g",
          "condition": null
        }
      ],
      "description": null
    },
    {
      "name": "Diabeta Sušenky citrónové",
      "brand": "Diabeta",
      "product_url": "https://wolt.com/cs/cze/prague/venue/albert-vinohradska/diabeta-susenky-citronove-itemid-64ca0b7cba162577de4898c4",
      "image_url": "https://imageproxy.wolt.com/menu/menu-images/64ffec4406cca0140dfab831/e46050f8-8eb6-11ee-b12a-c64f1deb8de2_25855678.jpg",
      "categories": [
        "TRVANLIVÉ",
        "SLADKOSTI"
      ],
      "prices": [
        {
          "store_name": "Albert",
          "price": 38.9,
          "original_price": null,
          "unit_price": 648.33,
          "unit": "Kg",
          "package_size": "60 g",
          "condition": null
        }
      ],
      "description": null
    },
    {
      "name": "Albert Plátky pro psy s hovězím",
      "brand": "Albert",
      "product_url": "https://wolt.com/cs/cze/prague/venue/albert-vinohradska/albert-platky-pro-psy-s-hovezim-itemid-64ca0b7cba162577de4889a9",
      "image_url": "https://imageproxy.wolt.com/menu/menu-images/63ad795db242366d1f818f36/3726310e-7826-11f0-bfba-c6f993539c07_26427102.jpg",
      "categories": [
        "ZVÍŘATA",
        "PSI"
      ],
      "prices": [
        {
          "store_name": "Albert",
          "price": 24.9,
          "original_price": null,
          "unit_price": 207.5,
          "unit": "Kg",
          "package_size": "120 g",
          "condition": null
        }
      ],
      "description": null
    },
    {
      "name": "Mionetto Valdobbiadene Prosecco Superiore",
      "brand": "Mionetto",
      "product_url": "https://wolt.com/cs/cze/prague/venue/albert-vinohradska/mionetto-valdobbiadene-prosecco-superiore-itemid-64ca0b7cba162577de48a0d9",
      "image_url": "https://imageproxy.wolt.com/menu/menu-images/64ffec4406cca0140dfab831/6c86c758-8eb9-11ee-a957-feea992db910_26422879.jpg",
      "categories": [
        "NÁPOJE",
        "VÍNA"
      ],
      "prices": [
        {
          "store_name": "Albert",
          "price": 229.0,
          "original_price": null,
          "unit_price": 305.33,
          "unit": "l",
          "package_size": "750 ml, 11% alc",
          "condition": "18+"
        }
      ],
      "description": null
    },
    {
      "name": "Hollandia Bio BiFi drink jahoda s mátou",
      "brand": "Hollandia",
      "product_url": "https://wolt.com/cs/cze/prague/venue/albert-vinohradska/hollandia-bio-bifi-drink-jahoda-s-matou-itemid-64ca0b7cba162577de489ae9",
      "image_url": "https://imageproxy.wolt.com/menu/menu-images/63ad795db242366d1f818f36/345fd006-7826-11f0-a9ad-7ed491cabdcb_26300634.jpg",
      "categories": [
        "MLÉČNÉ A CHLAZENÉ",
        "MLÉČNÉ NÁPOJE"
      ],
      "prices": [
        {
          "store_name": "Albert",
          "price": null,
          "original_price": null,
          "unit_price": 95.22,
          "unit": "Kg",
          "package_size": "230 g",
          "condition": "Sleva"
        }
      ],
      "description": null
    },
    {
      "name": "Albert Excellent Zaanlander starý 48%",
      "brand": "Albert Excellent",
      "product_url": "https://wolt.com/cs/cze/prague/venue/albert-vinohradska/albert-excellent-zaanlander-stary-48-itemid-64ca0b7cba162577de489b68",
      "image_url": "https://imageproxy.wolt.com/menu/menu-images/63ad795db242366d1f818f36/62afec74-bbe4-11ef-9e3f-6af1b2e0b29c_26058825.jpg",
      "categories": [
        "MLÉČNÉ A CHLAZENÉ",
        "SÝRY"
      ],
      "prices": [
        {
          "store_name": "Albert",
          "price": 181.17,
          "original_price": null,
          "unit_price": null,
          "unit": null,
          "package_size": null,
          "condition": "Vyprodáno"
        }
      ],
      "description": null
    },
    {
      "name": "Müller mix jahoda  a bianco jogurt",
      "brand": "Müller",
      "product_url": "https://wolt.com/cs/cze/prague/venue/albert-vinohradska/muller-mix-jahoda-a-bianco-jogurt-itemid-64ca0b7cba162577de4885db",
      "image_url": "https://imageproxy.wolt.com/menu/menu-images/64ffec4406cca0140dfab831/ef806568-8eb1-11ee-b2bd-be8c16d2d45a_24610728.jpg",
      "categories": [
        "MLÉČNÉ A CHLAZENÉ",
        "JOGURTY A DEZERTY"
      ],
      "prices": [
        {
          "store_name": "Albert",
          "price": 22.9,
          "original_price": null,
          "unit_price": 176.15,
          "unit": "Kg",
          "package_size": "130 g",
          "condition": null
        }
      ],
      "description": null
    },
    {
      "name": "Arax Bio březová šťáva",
      "brand": "Arax",
      "product_url": "https://wolt.com/cs/cze/prague/venue/albert-vinohradska/arax-bio-brezova-stava-itemid-64ca0b7cba162577de48a1df",
      "image_url": "https://imageproxy.wolt.com/menu/menu-images/64ffec4406cca0140dfab831/50a725e8-8ebc-11ee-8cfa-5eb9bb96d91f_26831992.jpg",
      "categories": [
        "NÁPOJE",
        "VODY A MINERÁLKY"
      ],
      "prices": [
        {
          "store_name": "Albert",
          "price": null,
          "original_price": null,
          "unit_price": 54.9,
          "unit": "l",
          "package_size": "1 l",
          "condition": "Sleva"
        }
      ],
      "description": null
    },
    {
      "name": "Softé Tekuté mýdlo med",
      "brand": "Softé",
      "product_url": "https://wolt.com/cs/cze/prague/venue/albert-vinohradska/softe-tekute-mydlo-med-itemid-64ca0b7cba162577de4899d7",
      "image_url": "https://imageproxy.wolt.com/menu/menu-images/64ffec4406cca0140dfab831/d3e2f9c0-8ec4-11ee-b219-fedb83882cb3_27496091.jpg",
      "categories": [
        "DROGERIE A KOSMETIKA",
        "MÝDLA A GELY"
      ],
      "prices": [
        {
          "store_name": "Albert",
          "price": 26.9,
          "original_price": null,
          "unit_price": 53.8,
          "unit": "l",
          "package_size": "500 ml",
          "condition": "Vyprodáno"
        }
      ],
      "description": null
    },
    {
      "name": "Francovka Alpa",
      "brand": "Francovka",
      "product_url": "https://wolt.com/cs/cze/prague/venue/albert-vinohradska/francovka-alpa-itemid-657233256818b938df947e0f",
      "image_url": "https://imageproxy.wolt.com/menu/menu-images/64ffec4406cca0140dfab831/23267cf2-8eaf-11ee-8087-0ac38c9dbe6d_23149687.jpg",
      "categories": [
        "DROGERIE A KOSMETIKA",
        "PÉČE O PLEŤ"
      ],
      "prices": [
        {
          "store_name": "Albert",
          "price": 209.0,
          "original_price": null,
          "unit_price": 209.0,
          "unit": "l",
          "package_size": "1 l",
          "condition": null
        }
      ],
      "description": null
    },
    {
      "name": "Fantasia Jogurt s mléčnou čokoládou",
      "brand": "Fantasia",
      "product_url": "https://wolt.com/cs/cze/prague/venue/albert-vinohradska/fantasia-jogurt-s-mlecnou-cokoladou-itemid-64ca0b7cba162577de48909e",
      "image_url": "https://imageproxy.wolt.com/menu/menu-images/64ffec4406cca0140dfab831/4f9007b0-8eb2-11ee-832b-166df9adf1b7_24704533.jpg",
      "categories": [
        "MLÉČNÉ A CHLAZENÉ",
        "JOGURTY A DEZERTY"
      ],
      "prices": [
        {
          "store_name": "Albert",
          "price": 22.9,
          "original_price": null,
          "unit_price": 208.18,
          "unit": "Kg",
          "package_size": "110 g",
          "condition": null
        }
      ],
      "description": null
    },
    {
      "name": "iD Balanced Blue tabákové náplně",
      "brand": null,
      "product_url": "https://wolt.com/cs/cze/prague/venue/albert-vinohradska/id-balanced-blue-tabakove-naplne-itemid-64ca0b7cba162577de48a563",
      "image_url": "https://imageproxy.wolt.com/menu/menu-images/64ffec4406cca0140dfab831/e28043c0-8ec4-11ee-88e9-6aec994b6205_27499764.jpg",
      "categories": [
        "DOMÁCNOST A ZAHRADA",
        "CIGARETY"
      ],
      "prices": [
        {
          "store_name": "Albert",
          "price": 85.0,
          "original_price": null,
          "unit_price": 85.0,
          "unit": "ks",
          "package_size": "‪1‬ kus",
          "condition": "18+"
        }
      ],
      "description": null
    },
    {
      "name": "Cool Malina a borůvka",
      "brand": "Cool",
      "product_url": "https://wolt.com/cs/cze/prague/venue/albert-vinohradska/cool-malina-a-boruvka-itemid-64ca0b7cba162577de4886cd",
      "image_url": "https://imageproxy.wolt.com/menu/menu-images/64ffec4406cca0140dfab831/24d4094e-8ec2-11ee-af2e-62169a0e6c38_27283271.jpg",
      "categories": [
        "NÁPOJE",
        "PIVA"
      ],
      "prices": [
        {
          "store_name": "Albert",
          "price": 23.9,
          "original_price": null,
          "unit_price": 47.8,
          "unit": "l",
          "package_size": "500 ml, 0,5% alc",
          "condition": null
        }
      ],
      "description": null
    },
    {
      "name": "Sprite",
      "brand": "Sprite",
      "product_url": "https://wolt.com/cs/cze/prague/venue/albert-vinohradska/sprite-itemid-64ca0b7cba162577de489934",
      "image_url": "https://imageproxy.wolt.com/menu/menu-images/63ad795db242366d1f818f36/39e31424-ed44-11ef-8c12-5297964b337f_27728925.jpg",
      "categories": [
        "NÁPOJE",
        "LIMONÁDY"
      ],
      "prices": [
        {
          "store_name": "Albert",
          "price": 29.9,
          "original_price": null,
          "unit_price": 19.93,
          "unit": "l",
          "package_size": "1,5 l",
          "condition": null
        }
      ],
      "description": null
    },
    {
      "name": "Dodoni Řecký sýr Feta v solném nálevu",
      "brand": "Dodoni",
      "product_url": "https://wolt.com/cs/cze/prague/venue/albert-vinohradska/dodoni-recky-syr-feta-v-solnem-nalevu-itemid-64ca0b7cba162577de48979f",
      "image_url": "https://imageproxy.wolt.com/menu/menu-images/64ffec4406cca0140dfab831/6e5528f0-8eb8-11ee-92cc-1627932f216d_26099224.jpg",
      "categories": [
        "MLÉČNÉ A CHLAZENÉ",
        "SÝRY"
      ],
      "prices": [
        {
          "store_name": "Albert",
          "price": 119.9,
          "original_price": null,
          "unit_price": 799.33,
          "unit": "Kg",
          "package_size": "150 g",
          "condition": null
        }
      ],
      "description": null
    },
    {
      "name": "Madeta Jihočeská Niva 60%",
      "brand": "Madeta",
      "product_url": "https://wolt.com/cs/cze/prague/venue/albert-vinohradska/madeta-jihoceska-niva-60-itemid-657233256818b938df94888b",
      "image_url": "https://imageproxy.wolt.com/menu/menu-images/64ffec4406cca0140dfab831/5618dde6-8ecb-11ee-b33e-3a31305f5e7c_27803134.jpg",
      "categories": [
        "MLÉČNÉ A CHLAZENÉ",
        "SÝRY"
      ],
      "prices": [
        {
          "store_name": "Albert",
          "price": null,
          "original_price": null,
          "unit_price": 299.0,
          "unit": "Kg",
          "package_size": "100 g",
          "condition": "Sleva"
        }
      ],
      "description": null
    },
    {
      "name": "Albert Jogurt bílý smetanový",
      "brand": "Albert",
      "product_url": "https://wolt.com/cs/cze/prague/venue/albert-vinohradska/albert-jogurt-bily-smetanovy-itemid-64ca0b7cba162577de489138",
      "image_url": "https://imageproxy.wolt.com/menu/menu-images/64ffec4406cca0140dfab831/7c308d1a-8ebe-11ee-9a50-3a3bddbb56de_27033791.jpg",
      "categories": [
        "MLÉČNÉ A CHLAZENÉ",
        "JOGURTY A DEZERTY"
      ],
      "prices": [
        {
          "store_name": "Albert",
          "price": 76.9,
          "original_price": null,
          "unit_price": 76.9,
          "unit": "Kg",
          "package_size": "1 kg",
          "condition": "Vyprodáno"
        }
      ],
      "description": null
    },
    {
      "name": "Hamé Paštika s kachními játry",
      "brand": "Hamé",
      "product_url": "https://wolt.com/cs/cze/prague/venue/albert-vinohradska/hame-pastika-s-kachnimi-jatry-itemid-657233256818b938df94845e",
      "image_url": "https://imageproxy.wolt.com/menu/menu-images/63ad795db242366d1f818f36/76b46ace-e818-11ee-8071-e63576f4a113_27680391.jpg",
      "categories": [
        "UZENINY A LAHŮDKY",
        "PAŠTIKY"
      ],
      "prices": [
        {
          "store_name": "Albert",
          "price": 49.9,
          "original_price": null,
          "unit_price": 475.24,
          "unit": "Kg",
          "package_size": "105 g",
          "condition": null
        }
      ],
      "description": null
    },
    {
      "name": "Sensodyne Extra Whitening zubní pasta",
      "brand": "Sensodyne",
      "product_url": "https://wolt.com/cs/cze/prague/venue/albert-vinohradska/sensodyne-extra-whitening-zubni-pasta-itemid-64ca0b7cba162577de489a02",
      "image_url": "https://imageproxy.wolt.com/menu/menu-images/64ffec4406cca0140dfab831/f0eaa6a0-8eae-11ee-a06f-ca6029740ad7_22927675.jpg",
      "categories": [
        "DROGERIE A KOSMETIKA",
        "ÚSTNÍ HYGIENA"
      ],
      "prices": [
        {
          "store_name": "Albert",
          "price": 99.9,
          "original_price": null,
          "unit_price": 1332.0,
          "unit": "l",
          "package_size": "75 ml",
          "condition": null
        }
      ],
      "description": null
    },
    {
      "name": "Kubík Water zelené jablko",
      "brand": "Kubík",
      "product_url": "https://wolt.com/cs/cze/prague/venue/albert-vinohradska/kubik-water-zelene-jablko-itemid-657233256818b938df94869a",
      "image_url": "https://imageproxy.wolt.com/menu/menu-images/64ffec4406cca0140dfab831/c3ec7e54-8eb2-11ee-9bcd-22a8008f3216_24879910.jpg",
      "categories": [
        "NÁPOJE",
        "LIMONÁDY"
      ],
      "prices": [
        {
          "store_name": "Albert",
          "price": 14.9,
          "original_price": null,
          "unit_price": 29.8,
          "unit": "l",
          "package_size": "500 ml",
          "condition": null
        }
      ],
      "description": null
    },
    {
      "name": "Palmolive Aroma sprchový gel So Relaxed",
      "brand": "Palmolive",
      "product_url": "https://wolt.com/cs/cze/prague/venue/albert-vinohradska/palmolive-aroma-sprchovy-gel-so-relaxed-itemid-657233256818b938df94816d",
      "image_url": "https://imageproxy.wolt.com/menu/menu-images/63ad795db242366d1f818f36/e7c45488-377b-11ef-9ea0-369ec875f8eb_25882315.jpg",
      "categories": [
        "DROGERIE A KOSMETIKA",
        "MÝDLA A GELY"
      ],
      "prices": [
        {
          "store_name": "Albert",
          "price": null,
          "original_price": null,
          "unit_price": 139.8,
          "unit": "l",
          "package_size": "500 ml",
          "condition": "Sleva"
        }
      ],
      "description": null
    },
    {
      "name": "Fresh Bistro Polévka dýňová s mrkví",
      "brand": "Fresh Bistro",
      "product_url": "https://wolt.com/cs/cze/prague/venue/albert-vinohradska/fresh-bistro-polevka-dynova-s-mrkvi-itemid-64ca0b7cba162577de4888bd",
      "image_url": "https://imageproxy.wolt.com/menu/menu-images/64ffec4406cca0140dfab831/5c342760-8ebe-11ee-983b-a2650c40792b_27026649.jpg",
      "categories": [
        "UZENINY A LAHŮDKY",
        "HOTOVKY A PŘÍLOHY"
      ],
      "prices": [
        {
          "store_name": "Albert",
          "price": 56.9,
          "original_price": null,
          "unit_price": 142.25,
          "unit": "Kg",
          "package_size": "400 g",
          "condition": null
        }
      ],
      "description": null
    },
    {
      "name": "Nature's Promise Šťáva citrón, limetka, zázvor",
      "brand": "Nature's Promise",
      "product_url": "https://wolt.com/cs/cze/prague/venue/albert-vinohradska/nature-s-promise-stava-citron-limetka-zazvor-itemid-64ca0b7cba162577de489a9a",
      "image_url": "https://imageproxy.wolt.com/menu/menu-images/63ad795db242366d1f818f36/c9f5e758-7827-11f0-a1e7-c265621d5313_26973180.jpg",
      "categories": [
        "NÁPOJE",
        "DŽUSY A NEKTARY"
      ],
      "prices": [
        {
          "store_name": "Albert",
          "price": 49.9,
          "original_price": null,
          "unit_price": 99.8,
          "unit": "l",
          "package_size": "500 ml",
          "condition": null
        }
      ],
      "description": null
    },
    {
      "name": "Knorr Hotová hustá směs k zahušťování bez tuku",
      "brand": "Knorr",
      "product_url": "https://wolt.com/cs/cze/prague/venue/albert-vinohradska/knorr-hotova-husta-smes-k-zahustovani-bez-tuku-itemid-64ca0b7cba162577de48a109",
      "image_url": "https://imageproxy.wolt.com/menu/menu-images/64ffec4406cca0140dfab831/10f9b438-8ebc-11ee-89d8-62f0ef4f63d8_26818948.jpg",
      "categories": [
        "TRVANLIVÉ",
        "PEČENÍ A VAŘENÍ"
      ],
      "prices": [
        {
          "store_name": "Albert",
          "price": 44.9,
          "original_price": null,
          "unit_price": 179.6,
          "unit": "Kg",
          "package_size": "250 g",
          "condition": null
        }
      ],
      "description": null
    },
    {
      "name": "Hanácká kyselka s příchutí citron",
      "brand": "Hanácká",
      "product_url": "https://wolt.com/cs/cze/prague/venue/albert-vinohradska/hanacka-kyselka-s-prichuti-citron-itemid-64ca0b7cba162577de489071",
      "image_url": "https://imageproxy.wolt.com/menu/menu-images/64ffec4406cca0140dfab831/c9ba7818-8ead-11ee-8c3c-1aabffa83dfd_21251511.jpg",
      "categories": [
        "NÁPOJE",
        "VODY A MINERÁLKY"
      ],
      "prices": [
        {
          "store_name": "Albert",
          "price": 18.9,
          "original_price": null,
          "unit_price": 12.6,
          "unit": "l",
          "package_size": "1,5 l",
          "condition": null
        }
      ],
      "description": null
    },
    {
      "name": "Bel Cosmetic Kosmetické tampónky s mikrovláknem",
      "brand": "Bel",
      "product_url": "https://wolt.com/cs/cze/prague/venue/albert-vinohradska/bel-cosmetic-kosmeticke-tamponky-s-mikrovlaknem-itemid-64ca0b7cba162577de4892bb",
      "image_url": "https://imageproxy.wolt.com/menu/menu-images/64ffec4406cca0140dfab831/210bb356-8eaf-11ee-9f8e-ca969f421442_23149588.jpg",
      "categories": [
        "DROGERIE A KOSMETIKA",
        "PAPÍROVÁ HYGIENA"
      ],
      "prices": [
        {
          "store_name": "Albert",
          "price": null,
          "original_price": null,
          "unit_price": 0.34,
          "unit": "ks",
          "package_size": "‪84‬ kusů",
          "condition": "Sleva"
        }
      ],
      "description": null
    },
    {
      "name": "VARTA Longlife AA alkalické baterie",
      "brand": "VARTA",
      "product_url": "https://wolt.com/cs/cze/prague/venue/albert-vinohradska/varta-longlife-aa-alkalicke-baterie-itemid-64ca0b7cba162577de489bc2",
      "image_url": "https://imageproxy.wolt.com/menu/menu-images/64ffec4406cca0140dfab831/5fb328e2-8eb3-11ee-a009-fe2992cf6bd0_25025644.jpg",
      "categories": [
        "DOMÁCNOST A ZAHRADA",
        "BATERIE"
      ],
      "prices": [
        {
          "store_name": "Albert",
          "price": 89.9,
          "original_price": null,
          "unit_price": 22.48,
          "unit": "ks",
          "package_size": "‪4‬ kusů",
          "condition": null
        }
      ],
      "description": null
    },
    {
      "name": "Česká chuť Pomazánka budapešťská",
      "brand": "Česká chuť",
      "product_url": "https://wolt.com/cs/cze/prague/venue/albert-vinohradska/ceska-chut-pomazanka-budapestska-itemid-657233256818b938df948673",
      "image_url": "https://imageproxy.wolt.com/menu/menu-images/64ffec4406cca0140dfab831/4c633332-8ebc-11ee-8d0f-fea1896da317_26831145.jpg",
      "categories": [
        "UZENINY A LAHŮDKY",
        "SALÁTY A POMAZÁNKY"
      ],
      "prices": [
        {
          "store_name": "Albert",
          "price": null,
          "original_price": null,
          "unit_price": 146.0,
          "unit": "Kg",
          "package_size": "150 g",
          "condition": "Sleva"
        }
      ],
      "description": null
    },
    {
      "name": "Tiger Zero",
      "brand": "Tiger",
      "product_url": "https://wolt.com/cs/cze/prague/venue/albert-vinohradska/tiger-zero-itemid-64ca0b7cba162577de48a5fa",
      "image_url": "https://imageproxy.wolt.com/menu/menu-images/64ffec4406cca0140dfab831/99551e9e-8ec1-11ee-8cb0-4eeff7c63e9c_27256978.jpg",
      "categories": [
        "NÁPOJE",
        "ENERGY NÁPOJE"
      ],
      "prices": [
        {
          "store_name": "Albert",
          "price": 16.9,
          "original_price": null,
          "unit_price": 33.8,
          "unit": "l",
          "package_size": "500 ml",
          "condition": null
        }
      ],
      "description": null
    },
    {
      "name": "Nature's Promise Chlebíčky kukuřičné slané",
      "brand": "Nature's Promise",
      "product_url": "https://wolt.com/cs/cze/prague/venue/albert-vinohradska/nature-s-promise-chlebicky-kukuricne-slane-itemid-6601eff4d13eb23b51681f77",
      "image_url": "https://imageproxy.wolt.com/menu/menu-images/6601c613e48d1c8d95333085/b053c328-eae4-11ee-990b-c2919b5ee551_27647516.jpg",
      "categories": [
        "TRVANLIVÉ",
        "MÜSLI A CEREÁLIE"
      ],
      "prices": [
        {
          "store_name": "Albert",
          "price": 21.9,
          "original_price": null,
          "unit_price": 168.46,
          "unit": "Kg",
          "package_size": "130 g",
          "condition": null
        }
      ],
      "description": null
    },
    {
      "name": "Ponnath Bio Párky vídeňské",
      "brand": "Ponnath",
      "product_url": "https://wolt.com/cs/cze/prague/venue/albert-vinohradska/ponnath-bio-parky-videnske-itemid-64ca0b7cba162577de489af2",
      "image_url": "https://imageproxy.wolt.com/menu/menu-images/64ffec4406cca0140dfab831/91eabfe2-8eb7-11ee-bf3e-2e13ed999a8b_25964561.jpg",
      "categories": [
        "UZENINY A LAHŮDKY",
        "PÁRKY A KLOBÁSY"
      ],
      "prices": [
        {
          "store_name": "Albert",
          "price": null,
          "original_price": null,
          "unit_price": 349.5,
          "unit": "Kg",
          "package_size": "200 g",
          "condition": "Sleva"
        }
      ],
      "description": null
    },
    {
      "name": "Dr. Oetker Kypřicí prášek s vinným kamenem",
      "brand": "Dr. Oetker",
      "product_url": "https://wolt.com/cs/cze/prague/venue/albert-vinohradska/dr-oetker-kyprici-prasek-s-vinnym-kamenem-itemid-64ca0b7cba162577de489075",
      "image_url": "https://imageproxy.wolt.com/menu/menu-images/63ad795db242366d1f818f36/0c3893b6-a8ea-11f0-bbb4-82afdeeef92c_25776119.jpg",
      "categories": [
        "TRVANLIVÉ",
        "PEČENÍ A VAŘENÍ"
      ],
      "prices": [
        {
          "store_name": "Albert",
          "price": 10.9,
          "original_price": null,
          "unit_price": 726.67,
          "unit": "Kg",
          "package_size": "15 g",
          "condition": null
        }
      ],
      "description": null
    },
    {
      "name": "Santa Maria Fajita kořenící přípravek",
      "brand": "Santa",
      "product_url": "https://wolt.com/cs/cze/prague/venue/albert-vinohradska/santa-maria-fajita-korenici-pripravek-itemid-64ca0b7cba162577de489c81",
      "image_url": "https://imageproxy.wolt.com/menu/menu-images/63ad795db242366d1f818f36/8def934a-aef6-11ee-acd3-9a3640050f4f_23762497.jpg",
      "categories": [
        "TRVANLIVÉ",
        "MEZINÁRODNÍ KUCHYNĚ"
      ],
      "prices": [
        {
          "store_name": "Albert",
          "price": 46.9,
          "original_price": null,
          "unit_price": 1675.0,
          "unit": "Kg",
          "package_size": "28 g",
          "condition": null
        }
      ],
      "description": null
    },
    {
      "name": "RUF Jíška světlá",
      "brand": "RUF",
      "product_url": "https://wolt.com/cs/cze/prague/venue/albert-vinohradska/ruf-jiska-svetla-itemid-66021ae4428363e8e375e62a",
      "image_url": "https://imageproxy.wolt.com/menu/menu-images/6601c613e48d1c8d95333085/e74a153c-eae2-11ee-af67-fe58ce42b7d5_25892826.jpg",
      "categories": [
        "TRVANLIVÉ",
        "PEČENÍ A VAŘENÍ"
      ],
      "prices": [
        {
          "store_name": "Albert",
          "price": 32.9,
          "original_price": null,
          "unit_price": 131.6,
          "unit": "Kg",
          "package_size": "250 g",
          "condition": null
        }
      ],
      "description": null
    },
    {
      "name": "Knedlík kynutý přílohový",
      "brand": "Knedlík",
      "product_url": "https://wolt.com/cs/cze/prague/venue/albert-vinohradska/knedlik-kynuty-prilohovy-itemid-657233256818b938df94883c",
      "image_url": "https://imageproxy.wolt.com/menu/menu-images/64ffec4406cca0140dfab831/73391ecc-8ecb-11ee-9d15-daeb5574df64_27807750.jpg",
      "categories": [
        "UZENINY A LAHŮDKY",
        "HOTOVKY A PŘÍLOHY"
      ],
      "prices": [
        {
          "store_name": "Albert",
          "price": 29.9,
          "original_price": null,
          "unit_price": 49.83,
          "unit": "Kg",
          "package_size": "600 g",
          "condition": null
        }
      ],
      "description": null
    },
    {
      "name": "Manka Řepkový olej rafinovaný",
      "brand": "Manka",
      "product_url": "https://wolt.com/cs/cze/prague/venue/albert-vinohradska/manka-repkovy-olej-rafinovany-itemid-657233256818b938df948a99",
      "image_url": "https://imageproxy.wolt.com/menu/menu-images/64ffec4406cca0140dfab831/cd510678-8eb6-11ee-a9ad-1e037cde04d4_25845372.jpg",
      "categories": [
        "TRVANLIVÉ",
        "OLEJE A OCTY"
      ],
      "prices": [
        {
          "store_name": "Albert",
          "price": 34.9,
          "original_price": null,
          "unit_price": 34.9,
          "unit": "l",
          "package_size": "1 l",
          "condition": null
        }
      ],
      "description": null
    },
    {
      "name": "Mlékárna Kunín Zakysaná smetana 20%",
      "brand": "Mlékárna Kunín",
      "product_url": "https://wolt.com/cs/cze/prague/venue/albert-vinohradska/mlekarna-kunin-zakysana-smetana-20-itemid-64ca0b7cba162577de48992b",
      "image_url": "https://imageproxy.wolt.com/menu/menu-images/64ffec4406cca0140dfab831/f069e5ac-8eb2-11ee-892f-22a8008f3216_24909457.jpg",
      "categories": [
        "MLÉČNÉ A CHLAZENÉ",
        "SMETANY A ŠLEHAČKY"
      ],
      "prices": [
        {
          "store_name": "Albert",
          "price": 37.9,
          "original_price": null,
          "unit_price": 199.47,
          "unit": "Kg",
          "package_size": "190 g",
          "condition": null
        }
      ],
      "description": null
    },
    {
      "name": "Extrudo Mouka kukuřičná polohrubá",
      "brand": "Extrudo",
      "product_url": "https://wolt.com/cs/cze/prague/venue/albert-vinohradska/extrudo-mouka-kukuricna-polohruba-itemid-64ca0b7cba162577de489881",
      "image_url": "https://imageproxy.wolt.com/menu/menu-images/64ffec4406cca0140dfab831/5f9020de-8eb5-11ee-bf09-feea992db910_25539219.jpg",
      "categories": [
        "TRVANLIVÉ",
        "PEČENÍ A VAŘENÍ"
      ],
      "prices": [
        {
          "store_name": "Albert",
          "price": null,
          "original_price": null,
          "unit_price": 59.75,
          "unit": "Kg",
          "package_size": "400 g",
          "condition": "Sleva, Vyprodáno"
        }
      ],
      "description": null
    },
    {
      "name": "Rauch Happy Day 100% pomeranč",
      "brand": "Rauch",
      "product_url": "https://wolt.com/cs/cze/prague/venue/albert-vinohradska/rauch-happy-day-100-pomeranc-itemid-64ca0b7cba162577de48904c",
      "image_url": "https://imageproxy.wolt.com/menu/menu-images/64ffec4406cca0140dfab831/3897fe28-8ead-11ee-97d0-0e65b1b3f66c_20713997.jpg",
      "categories": [
        "NÁPOJE",
        "DŽUSY A NEKTARY"
      ],
      "prices": [
        {
          "store_name": "Albert",
          "price": 74.9,
          "original_price": null,
          "unit_price": 74.9,
          "unit": "l",
          "package_size": "1 l",
          "condition": null
        }
      ],
      "description": null
    },
    {
      "name": "Marlenka Medový dort s kakaem",
      "brand": "Marlenka",
      "product_url": "https://wolt.com/cs/cze/prague/venue/albert-vinohradska/marlenka-medovy-dort-s-kakaem-itemid-64ca0b7cba162577de4898f4",
      "image_url": "https://imageproxy.wolt.com/menu/menu-images/63ad795db242366d1f818f36/8d067722-bbe4-11ef-91a9-b6ba4452c135_24225489.jpg",
      "categories": [
        "PEKÁRNA A CUKRÁRNA",
        "SLADKÉ PEČIVO BALENÉ"
      ],
      "prices": [
        {
          "store_name": "Albert",
          "price": 299.0,
          "original_price": null,
          "unit_price": 373.75,
          "unit": "Kg",
          "package_size": "800 g",
          "condition": null
        }
      ],
      "description": null
    },
    {
      "name": "Milko Řecký jogurt čokoláda",
      "brand": "Milko",
      "product_url": "https://wolt.com/cs/cze/prague/venue/albert-vinohradska/milko-recky-jogurt-cokolada-itemid-64ca0b7cba162577de48901b",
      "image_url": "https://imageproxy.wolt.com/menu/menu-images/64ffec4406cca0140dfab831/309469fa-8eb7-11ee-9749-b287692f5450_25906615.jpg",
      "categories": [
        "MLÉČNÉ A CHLAZENÉ",
        "JOGURTY A DEZERTY"
      ],
      "prices": [
        {
          "store_name": "Albert",
          "price": 21.9,
          "original_price": null,
          "unit_price": 156.43,
          "unit": "Kg",
          "package_size": "140 g",
          "condition": null
        }
      ],
      "description": null
    },
    {
      "name": "Nivea Men Sport sprchový gel",
      "brand": "Nivea",
      "product_url": "https://wolt.com/cs/cze/prague/venue/albert-vinohradska/nivea-men-sport-sprchovy-gel-itemid-6601ef62ce0ec50e8160a2cc",
      "image_url": "https://imageproxy.wolt.com/menu/menu-images/6601c613e48d1c8d95333085/587b7f52-eae3-11ee-aaef-aae3aea8b537_26772592.jpg",
      "categories": [
        "DROGERIE A KOSMETIKA",
        "MÝDLA A GELY"
      ],
      "prices": [
        {
          "store_name": "Albert",
          "price": 119.9,
          "original_price": null,
          "unit_price": 239.8,
          "unit": "l",
          "package_size": "500 ml",
          "condition": null
        }
      ],
      "description": null
    },
    {
      "name": "Albert Puding čokoládový",
      "brand": "Albert",
      "product_url": "https://wolt.com/cs/cze/prague/venue/albert-vinohradska/albert-puding-cokoladovy-itemid-657233256818b938df948991",
      "image_url": "https://imageproxy.wolt.com/menu/menu-images/64ffec4406cca0140dfab831/7966d72a-8ec2-11ee-a646-bed13653e197_27299722.jpg",
      "categories": [
        "TRVANLIVÉ",
        "PEČENÍ A VAŘENÍ"
      ],
      "prices": [
        {
          "store_name": "Albert",
          "price": 4.9,
          "original_price": null,
          "unit_price": 132.43,
          "unit": "Kg",
          "package_size": "37 g",
          "condition": null
        }
      ],
      "description": null
    },
    {
      "name": "Gillette Blue3 Pánský holicí strojek",
      "brand": "Gillette",
      "product_url": "https://wolt.com/cs/cze/prague/venue/albert-vinohradska/gillette-blue3-pansky-holici-strojek-itemid-6601f121f9cabb35fca3d292",
      "image_url": "https://imageproxy.wolt.com/menu/menu-images/6601c613e48d1c8d95333085/f2866810-eae2-11ee-8fa9-667d50b09927_25934335.jpg",
      "categories": [
        "DROGERIE A KOSMETIKA",
        "HOLENÍ A DEPILACE"
      ],
      "prices": [
        {
          "store_name": "Albert",
          "price": 214.0,
          "original_price": null,
          "unit_price": 26.75,
          "unit": "ks",
          "package_size": "‪8‬ kusů",
          "condition": null
        }
      ],
      "description": null
    },
    {
      "name": "Albert Excellent Tapas Dip s feta sýrem pikantní",
      "brand": "Albert Excellent",
      "product_url": "https://wolt.com/cs/cze/prague/venue/albert-vinohradska/albert-excellent-tapas-dip-s-feta-syrem-pikantni-itemid-660232c1f1ee4815f3277786",
      "image_url": "https://imageproxy.wolt.com/menu/menu-images/63ad795db242366d1f818f36/a1153c98-8e26-11f0-b1ac-ce52dedeb7e0_27822883.jpg",
      "categories": [
        "UZENINY A LAHŮDKY",
        "TAPAS"
      ],
      "prices": [
        {
          "store_name": "Albert",
          "price": 69.0,
          "original_price": null,
          "unit_price": 530.77,
          "unit": "Kg",
          "package_size": "130 g",
          "condition": null
        }
      ],
      "description": null
    },
    {
      "name": "Albert Makrelová pomazánka",
      "brand": "Albert",
      "product_url": "https://wolt.com/cs/cze/prague/venue/albert-vinohradska/albert-makrelova-pomazanka-itemid-657233256818b938df94856f",
      "image_url": "https://imageproxy.wolt.com/menu/menu-images/64ffec4406cca0140dfab831/f797a2e2-8ebc-11ee-9e56-461ac7d1f05d_26893587.jpg",
      "categories": [
        "UZENINY A LAHŮDKY",
        "SALÁTY A POMAZÁNKY"
      ],
      "prices": [
        {
          "store_name": "Albert",
          "price": null,
          "original_price": null,
          "unit_price": 139.26,
          "unit": "Kg",
          "package_size": "135 g",
          "condition": "Sleva"
        }
      ],
      "description": null
    },
    {
      "name": "Kotex Super Tampony",
      "brand": "Kotex",
      "product_url": "https://wolt.com/cs/cze/prague/venue/albert-vinohradska/kotex-super-tampony-itemid-6601e1e7b815648367da9780",
      "image_url": "https://imageproxy.wolt.com/menu/menu-images/6601c613e48d1c8d95333085/42eceabe-eae2-11ee-acf3-b61162878c08_22797636.jpg",
      "categories": [
        "DROGERIE A KOSMETIKA",
        "DÁMSKÉ HYG. POTŘEBY"
      ],
      "prices": [
        {
          "store_name": "Albert",
          "price": 49.9,
          "original_price": null,
          "unit_price": 3.12,
          "unit": "ks",
          "package_size": "‪16‬ kusů",
          "condition": null
        }
      ],
      "description": null
    },
    {
      "name": "Rychtář Premium 12 světlý ležák",
      "brand": "Rychtář",
      "product_url": "https://wolt.com/cs/cze/prague/venue/albert-vinohradska/rychtar-premium-12-svetly-lezak-itemid-64ca0b7cba162577de489110",
      "image_url": "https://imageproxy.wolt.com/menu/menu-images/64ffec4406cca0140dfab831/bc472cb8-8ebb-11ee-a849-ea9b0480a229_26799124.jpg",
      "categories": [
        "NÁPOJE",
        "PIVA"
      ],
      "prices": [
        {
          "store_name": "Albert",
          "price": 23.9,
          "original_price": null,
          "unit_price": 47.8,
          "unit": "l",
          "package_size": "500 ml, 5% alc",
          "condition": "18+"
        }
      ],
      "description": null
    },
    {
      "name": "Ben & Jerry's Cookie Dough",
      "brand": "Ben & Jerry's",
      "product_url": "https://wolt.com/cs/cze/prague/venue/albert-vinohradska/ben-jerry-s-cookie-dough-itemid-6876153a0c6218e9f3e5f450",
      "image_url": "https://imageproxy.wolt.com/menu/menu-images/64b62ec5e5ab70cdc92e30f0/0eb4828e-616f-11f0-80d1-2e9628a54076_27249840.jpg",
      "categories": [
        "MRAŽENÉ POTRAVINY",
        "ZMRZLINA A NANUKY"
      ],
      "prices": [
        {
          "store_name": "Albert",
          "price": 243.0,
          "original_price": null,
          "unit_price": 522.58,
          "unit": "l",
          "package_size": "465 ml",
          "condition": null
        }
      ],
      "description": null
    },
    {
      "name": "Hamé Salsa Napoletana masová směs na špagety",
      "brand": "Hamé",
      "product_url": "https://wolt.com/cs/cze/prague/venue/albert-vinohradska/hame-salsa-napoletana-masova-smes-na-spagety-itemid-64ca0b7cba162577de489bde",
      "image_url": "https://imageproxy.wolt.com/menu/menu-images/64ffec4406cca0140dfab831/73f793ee-8eac-11ee-bbe5-a2125de7b4cb_20306984.jpg",
      "categories": [
        "TRVANLIVÉ",
        "INSTANTNÍ POKRMY"
      ],
      "prices": [
        {
          "store_name": "Albert",
          "price": 89.9,
          "original_price": null,
          "unit_price": 214.05,
          "unit": "Kg",
          "package_size": "420 g",
          "condition": null
        }
      ],
      "description": null
    },
    {
      "name": "Olma Tradiční pomazánkové s křenem",
      "brand": "Olma",
      "product_url": "https://wolt.com/cs/cze/prague/venue/albert-vinohradska/olma-tradicni-pomazankove-s-krenem-itemid-657233256818b938df948ac7",
      "image_url": "https://imageproxy.wolt.com/menu/menu-images/64ffec4406cca0140dfab831/8ffc436a-8ec9-11ee-80fa-0294722b0773_27749869.jpg",
      "categories": [
        "MLÉČNÉ A CHLAZENÉ",
        "MÁSLO A TUKY"
      ],
      "prices": [
        {
          "store_name": "Albert",
          "price": null,
          "original_price": null,
          "unit_price": 172.67,
          "unit": "Kg",
          "package_size": "150 g",
          "condition": "Sleva"
        }
      ],
      "description": null
    },
    {
      "name": "Nature's Promise Cottage Natur bez laktózy",
      "brand": "Nature's Promise",
      "product_url": "https://wolt.com/cs/cze/prague/venue/albert-vinohradska/nature-s-promise-cottage-natur-bez-laktozy-itemid-64ca0b7cba162577de488cc3",
      "image_url": "https://imageproxy.wolt.com/menu/menu-images/64ffec4406cca0140dfab831/26f0f6b4-8ebe-11ee-8932-be2d1bdd5ebf_26994741.jpg",
      "categories": [
        "MLÉČNÉ A CHLAZENÉ",
        "SÝRY"
      ],
      "prices": [
        {
          "store_name": "Albert",
          "price": null,
          "original_price": null,
          "unit_price": 146.0,
          "unit": "Kg",
          "package_size": "150 g",
          "condition": "Sleva"
        }
      ],
      "description": null
    },
    {
      "name": "Albert Krmivo pro psy kuře, játra a mrkev",
      "brand": "Albert",
      "product_url": "https://wolt.com/cs/cze/prague/venue/albert-vinohradska/albert-krmivo-pro-psy-kure-jatra-a-mrkev-itemid-6601e937daed093f14bd32a9",
      "image_url": "https://imageproxy.wolt.com/menu/menu-images/63ad795db242366d1f818f36/3dba36f4-ed44-11ef-bdce-8e4b26670206_27768099.jpg",
      "categories": [
        "ZVÍŘATA",
        "PSI"
      ],
      "prices": [
        {
          "store_name": "Albert",
          "price": 42.9,
          "original_price": null,
          "unit_price": 34.6,
          "unit": "Kg",
          "package_size": "1,24 kg",
          "condition": null
        }
      ],
      "description": null
    },
    {
      "name": "Pantene Pro-V Intensive Repair šampon 3v1",
      "brand": "Pantene",
      "product_url": "https://wolt.com/cs/cze/prague/venue/albert-vinohradska/pantene-pro-v-intensive-repair-sampon-3v1-itemid-64ca0b7cba162577de48a06a",
      "image_url": "https://imageproxy.wolt.com/menu/menu-images/64ffec4406cca0140dfab831/8cc00fa8-8ebd-11ee-b9b4-362f93bf1d5e_26952482.jpg",
      "categories": [
        "DROGERIE A KOSMETIKA",
        "PÉČE O VLASY"
      ],
      "prices": [
        {
          "store_name": "Albert",
          "price": 109.9,
          "original_price": null,
          "unit_price": 338.15,
          "unit": "l",
          "package_size": "325 ml",
          "condition": null
        }
      ],
      "description": null
    },
    {
      "name": "Emco Super sušenky šťavnaté jablko",
      "brand": "Emco",
      "product_url": "https://wolt.com/cs/cze/prague/venue/albert-vinohradska/emco-super-susenky-stavnate-jablko-itemid-6601e7712a1c74016731487e",
      "image_url": "https://imageproxy.wolt.com/menu/menu-images/6601c613e48d1c8d95333085/2c0bd3ee-eae4-11ee-aef7-f2c1f47dde5c_27448137.jpg",
      "categories": [
        "TRVANLIVÉ",
        "MÜSLI A CEREÁLIE"
      ],
      "prices": [
        {
          "store_name": "Albert",
          "price": 21.9,
          "original_price": null,
          "unit_price": 365.0,
          "unit": "Kg",
          "package_size": "60 g",
          "condition": null
        }
      ],
      "description": null
    },
    {
      "name": "Albert Excellent Chorizo",
      "brand": "Albert Excellent",
      "product_url": "https://wolt.com/cs/cze/prague/venue/albert-vinohradska/albert-excellent-chorizo-itemid-69309acd56094a48f214fd29",
      "image_url": "https://imageproxy.wolt.com/menu/menu-images/64ffec4406cca0140dfab831/5ff10570-8eba-11ee-86cf-7a99d2fb2f9f_26626062.jpg",
      "categories": [
        "UZENINY A LAHŮDKY",
        "SALÁMY"
      ],
      "prices": [
        {
          "store_name": "Albert",
          "price": 47.9,
          "original_price": null,
          "unit_price": 638.67,
          "unit": "Kg",
          "package_size": "75 g",
          "condition": null
        }
      ],
      "description": null
    },
    {
      "name": "Albert Raw Tyčinka s kakaem",
      "brand": "Albert",
      "product_url": "https://wolt.com/cs/cze/prague/venue/albert-vinohradska/albert-raw-tycinka-s-kakaem-itemid-64ca0b7cba162577de4887f9",
      "image_url": "https://imageproxy.wolt.com/menu/menu-images/64ffec4406cca0140dfab831/c9ade6f2-8ec1-11ee-9b63-7639dadf697f_27259986.jpg",
      "categories": [
        "TRVANLIVÉ",
        "MÜSLI A CEREÁLIE"
      ],
      "prices": [
        {
          "store_name": "Albert",
          "price": 16.9,
          "original_price": null,
          "unit_price": 338.0,
          "unit": "Kg",
          "package_size": "50 g",
          "condition": null
        }
      ],
      "description": null
    },
    {
      "name": "Bohemia chips čerstvý sýr a jarní cibulka",
      "brand": "Bohemia",
      "product_url": "https://wolt.com/cs/cze/prague/venue/albert-vinohradska/bohemia-chips-cerstvy-syr-a-jarni-cibulka-itemid-66021735c315873ee3a197df",
      "image_url": "https://imageproxy.wolt.com/menu/menu-images/63ad795db242366d1f818f36/5e5ac574-0148-11ef-8469-5e3fed1d7178_27850244.jpg",
      "categories": [
        "TRVANLIVÉ",
        "SLANÉ"
      ],
      "prices": [
        {
          "store_name": "Albert",
          "price": 59.9,
          "original_price": null,
          "unit_price": 460.77,
          "unit": "Kg",
          "package_size": "130 g",
          "condition": null
        }
      ],
      "description": null
    },
    {
      "name": "Mulix choco. cookies  Choco cookies",
      "brand": "Mulix",
      "product_url": "https://wolt.com/cs/cze/prague/venue/albert-vinohradska/mulix-choco-cookies-choco-cookies-itemid-657233256818b938df94875c",
      "image_url": "https://imageproxy.wolt.com/menu/menu-images/64ffec4406cca0140dfab831/eee55bae-8eb1-11ee-bf3f-1e9e4c6f0bda_24610629.jpg",
      "categories": [
        "MLÉČNÉ A CHLAZENÉ",
        "JOGURTY A DEZERTY"
      ],
      "prices": [
        {
          "store_name": "Albert",
          "price": 22.9,
          "original_price": null,
          "unit_price": 176.15,
          "unit": "Kg",
          "package_size": "130 g",
          "condition": null
        }
      ],
      "description": null
    },
    {
      "name": "Nivea Creme Soft pečující krémové mýdlo",
      "brand": "Nivea",
      "product_url": "https://wolt.com/cs/cze/prague/venue/albert-vinohradska/nivea-creme-soft-pecujici-kremove-mydlo-itemid-64ca0b7cba162577de488f77",
      "image_url": "https://imageproxy.wolt.com/menu/menu-images/64ffec4406cca0140dfab831/dc22943a-8eae-11ee-a5e8-96106fe39af5_22876515.jpg",
      "categories": [
        "DROGERIE A KOSMETIKA",
        "MÝDLA A GELY"
      ],
      "prices": [
        {
          "store_name": "Albert",
          "price": 37.9,
          "original_price": null,
          "unit_price": 379.0,
          "unit": "Kg",
          "package_size": "100 g",
          "condition": null
        }
      ],
      "description": null
    },
    {
      "name": "Gemerka Magnézium a kalcium jemně perlivá",
      "brand": "Gemerka",
      "product_url": "https://wolt.com/cs/cze/prague/venue/albert-vinohradska/gemerka-magnezium-a-kalcium-jemne-perliva-itemid-64ca0b7cba162577de4886af",
      "image_url": "https://imageproxy.wolt.com/menu/menu-images/64ffec4406cca0140dfab831/9f085622-8ebb-11ee-a7fd-5e4e081b1cfc_26786599.jpg",
      "categories": [
        "NÁPOJE",
        "VODY A MINERÁLKY"
      ],
      "prices": [
        {
          "store_name": "Albert",
          "price": 11.9,
          "original_price": null,
          "unit_price": 7.93,
          "unit": "l",
          "package_size": "1,5 l",
          "condition": null
        }
      ],
      "description": null
    },
    {
      "name": "Emma Mandle natural",
      "brand": "Emma",
      "product_url": "https://wolt.com/cs/cze/prague/venue/albert-vinohradska/emma-mandle-natural-itemid-64ca0b7cba162577de488803",
      "image_url": "https://imageproxy.wolt.com/menu/menu-images/63ad795db242366d1f818f36/b49b617a-d995-11ef-b626-5e80d69c3d89_24257053.jpg",
      "categories": [
        "OVOCE A ZELENINA",
        "SUCHÉ PLODY"
      ],
      "prices": [
        {
          "store_name": "Albert",
          "price": 42.9,
          "original_price": null,
          "unit_price": 429.0,
          "unit": "Kg",
          "package_size": "100 g",
          "condition": null
        }
      ],
      "description": null
    },
    {
      "name": "Mozzarella strouhaná 40%",
      "brand": "Mozzarella",
      "product_url": "https://wolt.com/cs/cze/prague/venue/albert-vinohradska/mozzarella-strouhana-40-itemid-64ca0b7cba162577de4892fb",
      "image_url": "https://imageproxy.wolt.com/menu/menu-images/64ffec4406cca0140dfab831/0fe55b78-8ec2-11ee-8911-ce752cd7e428_27276686.jpg",
      "categories": [
        "MLÉČNÉ A CHLAZENÉ",
        "SÝRY"
      ],
      "prices": [
        {
          "store_name": "Albert",
          "price": 57.9,
          "original_price": null,
          "unit_price": 386.0,
          "unit": "Kg",
          "package_size": "150 g",
          "condition": null
        }
      ],
      "description": null
    },
    {
      "name": "Albert Pomeranče síť",
      "brand": "Albert",
      "product_url": "https://wolt.com/cs/cze/prague/venue/albert-vinohradska/albert-pomerance-sit-itemid-657233256818b938df947a47",
      "image_url": "https://imageproxy.wolt.com/menu/menu-images/64ffec4406cca0140dfab831/ee91aa90-8eac-11ee-8526-1aab45c8976d_20441944.jpg",
      "categories": [
        "OVOCE A ZELENINA",
        "OVOCE"
      ],
      "prices": [
        {
          "store_name": "Albert",
          "price": 34.9,
          "original_price": null,
          "unit_price": 34.9,
          "unit": "Kg",
          "package_size": "1 kg",
          "condition": null
        }
      ],
      "description": null
    },
    {
      "name": "Nature's Promise Bio Pomazánka rajče a olivy",
      "brand": "Nature's Promise",
      "product_url": "https://wolt.com/cs/cze/prague/venue/albert-vinohradska/nature-s-promise-bio-pomazanka-rajce-a-olivy-itemid-64ca0b7cba162577de488cb5",
      "image_url": "https://imageproxy.wolt.com/menu/menu-images/64ffec4406cca0140dfab831/0cea35d4-8ebc-11ee-bb73-06cf0d3d89bd_26818535.jpg",
      "categories": [
        "UZENINY A LAHŮDKY",
        "SALÁTY A POMAZÁNKY"
      ],
      "prices": [
        {
          "store_name": "Albert",
          "price": null,
          "original_price": null,
          "unit_price": 199.2,
          "unit": "Kg",
          "package_size": "125 g",
          "condition": "Sleva"
        }
      ],
      "description": null
    },
    {
      "name": "Domestos Ultra White & Shine",
      "brand": "Domestos",
      "product_url": "https://wolt.com/cs/cze/prague/venue/albert-vinohradska/domestos-ultra-white-shine-itemid-64ca0b7cba162577de488d13",
      "image_url": "https://imageproxy.wolt.com/menu/menu-images/64ffec4406cca0140dfab831/d11381fa-8eb6-11ee-b2fd-9e446d541704_25847314.jpg",
      "categories": [
        "DROGERIE A KOSMETIKA",
        "ČISTÍCÍ PROSTŘEDKY"
      ],
      "prices": [
        {
          "store_name": "Albert",
          "price": 39.9,
          "original_price": null,
          "unit_price": 53.2,
          "unit": "l",
          "package_size": "750 ml",
          "condition": "Věkové omezení"
        }
      ],
      "description": null
    },
    {
      "name": "Beefeater Pink Strawberry Gin & Tonic",
      "brand": "Beefeater",
      "product_url": "https://wolt.com/cs/cze/prague/venue/albert-vinohradska/beefeater-pink-strawberry-gin-tonic-itemid-64ca0b7cba162577de488cd7",
      "image_url": "https://imageproxy.wolt.com/menu/menu-images/64ffec4406cca0140dfab831/8c782a44-8ec2-11ee-9ac9-5e8c96b8dcdd_27306482.jpg",
      "categories": [
        "NÁPOJE",
        "LIHOVINY"
      ],
      "prices": [
        {
          "store_name": "Albert",
          "price": 59.9,
          "original_price": null,
          "unit_price": 239.6,
          "unit": "l",
          "package_size": "250 ml, 4,9% alc",
          "condition": "18+, Vyprodáno"
        }
      ],
      "description": null
    },
    {
      "name": "Lacalut Aktiv Zubní pasta",
      "brand": "Lacalut",
      "product_url": "https://wolt.com/cs/cze/prague/venue/albert-vinohradska/lacalut-aktiv-zubni-pasta-itemid-64ca0b7cba162577de489a95",
      "image_url": "https://imageproxy.wolt.com/menu/menu-images/63ad795db242366d1f818f36/e65daece-25b3-11f0-81fb-fe3313f5d825_20737764.jpg",
      "categories": [
        "DROGERIE A KOSMETIKA",
        "ÚSTNÍ HYGIENA"
      ],
      "prices": [
        {
          "store_name": "Albert",
          "price": 109.9,
          "original_price": null,
          "unit_price": 1465.33,
          "unit": "l",
          "package_size": "75 ml",
          "condition": null
        }
      ],
      "description": null
    },
    {
      "name": "Schär Maestro Classic Chléb krájený bez lepku",
      "brand": "Schär",
      "product_url": "https://wolt.com/cs/cze/prague/venue/albert-vinohradska/schar-maestro-classic-chleb-krajeny-bez-lepku-itemid-64ca0b7cba162577de488b73",
      "image_url": "https://imageproxy.wolt.com/menu/menu-images/63ad795db242366d1f818f36/8939bc96-10f7-11ef-9d5f-32cdd696441e_26759326.jpg",
      "categories": [
        "PEKÁRNA A CUKRÁRNA",
        "BEZLEPKOVÉ PEČIVO"
      ],
      "prices": [
        {
          "store_name": "Albert",
          "price": null,
          "original_price": null,
          "unit_price": 233.0,
          "unit": "Kg",
          "package_size": "300 g",
          "condition": "Sleva, Vyprodáno"
        }
      ],
      "description": null
    },
    {
      "name": "Sunar BIO dětské křupky mrkvová kolečka",
      "brand": "Sunar",
      "product_url": "https://wolt.com/cs/cze/prague/venue/albert-vinohradska/sunar-bio-detske-krupky-mrkvova-kolecka-itemid-657233256818b938df948201",
      "image_url": "https://imageproxy.wolt.com/menu/menu-images/64ffec4406cca0140dfab831/aaefb5b4-8ec2-11ee-aeff-22ab4de1c557_27316986.jpg",
      "categories": [
        "DÍTĚ",
        "VÝŽIVA"
      ],
      "prices": [
        {
          "store_name": "Albert",
          "price": 41.9,
          "original_price": null,
          "unit_price": 931.11,
          "unit": "Kg",
          "package_size": "45 g",
          "condition": null
        }
      ],
      "description": null
    },
    {
      "name": "Vitana Pepř černý mletý",
      "brand": "Vitana",
      "product_url": "https://wolt.com/cs/cze/prague/venue/albert-vinohradska/vitana-pepr-cerny-mlety-itemid-64ca0b7cba162577de4895ae",
      "image_url": "https://imageproxy.wolt.com/menu/menu-images/64ffec4406cca0140dfab831/d075d4c4-8eba-11ee-9d9b-3a1814765055_26685069.jpg",
      "categories": [
        "TRVANLIVÉ",
        "KOŘENÍ A OCHUCOVADLA"
      ],
      "prices": [
        {
          "store_name": "Albert",
          "price": 19.9,
          "original_price": null,
          "unit_price": 1105.56,
          "unit": "Kg",
          "package_size": "18 g",
          "condition": null
        }
      ],
      "description": null
    },
    {
      "name": "Nature's Promise Mléko plnotučné bez laktózy",
      "brand": "Nature's Promise",
      "product_url": "https://wolt.com/cs/cze/prague/venue/albert-vinohradska/nature-s-promise-mleko-plnotucne-bez-laktozy-itemid-64ca0b7cba162577de488cb7",
      "image_url": "https://imageproxy.wolt.com/menu/menu-images/64ffec4406cca0140dfab831/f27b2b62-8ec1-11ee-b3ba-8e5c49fae469_27269596.jpg",
      "categories": [
        "MLÉČNÉ A CHLAZENÉ",
        "MLÉČNÉ NÁPOJE"
      ],
      "prices": [
        {
          "store_name": "Albert",
          "price": null,
          "original_price": null,
          "unit_price": 26.9,
          "unit": "l",
          "package_size": "1 l",
          "condition": "Sleva"
        }
      ],
      "description": null
    },
    {
      "name": "Šnek rustikální s olivami",
      "brand": null,
      "product_url": "https://wolt.com/cs/cze/prague/venue/albert-vinohradska/snek-rustikalni-s-olivami-itemid-64ca0b7cba162577de488645",
      "image_url": "https://imageproxy.wolt.com/menu/menu-images/64ffec4406cca0140dfab831/26b85402-8eba-11ee-a74b-eadf6ce36c9d_26576442.jpg",
      "categories": [
        "PEKÁRNA A CUKRÁRNA",
        "SLANÉ PEČIVO VOLNÉ"
      ],
      "prices": [
        {
          "store_name": "Albert",
          "price": null,
          "original_price": null,
          "unit_price": 186.25,
          "unit": "Kg",
          "package_size": "80 g",
          "condition": "Sleva, Vyprodáno"
        }
      ],
      "description": null
    },
    {
      "name": "Lučina Jarní pažitka",
      "brand": "Lučina",
      "product_url": "https://wolt.com/cs/cze/prague/venue/albert-vinohradska/lucina-jarni-pazitka-itemid-64ca0b7cba162577de489416",
      "image_url": "https://imageproxy.wolt.com/menu/menu-images/63ad795db242366d1f818f36/000faf3e-25b4-11f0-bfc2-c6fcaa64b97c_23000025.jpg",
      "categories": [
        "MLÉČNÉ A CHLAZENÉ",
        "SÝRY"
      ],
      "prices": [
        {
          "store_name": "Albert",
          "price": 46.9,
          "original_price": null,
          "unit_price": 390.83,
          "unit": "Kg",
          "package_size": "120 g",
          "condition": null
        }
      ],
      "description": null
    },
    {
      "name": "Kostelecké uzeniny Chalupářské klobásy",
      "brand": "Kostelecké",
      "product_url": "https://wolt.com/cs/cze/prague/venue/albert-vinohradska/kostelecke-uzeniny-chaluparske-klobasy-itemid-657233256818b938df948acb",
      "image_url": "https://imageproxy.wolt.com/menu/menu-images/63ad795db242366d1f818f36/466d14f6-2b47-11f0-9f68-1afee6fc7728_27653845.jpg",
      "categories": [
        "UZENINY A LAHŮDKY",
        "PÁRKY A KLOBÁSY"
      ],
      "prices": [
        {
          "store_name": "Albert",
          "price": 48.9,
          "original_price": null,
          "unit_price": 222.27,
          "unit": "Kg",
          "package_size": "220 g",
          "condition": null
        }
      ],
      "description": null
    },
    {
      "name": "Nature's Promise Bio Jogurt bílý natur",
      "brand": "Nature's Promise",
      "product_url": "https://wolt.com/cs/cze/prague/venue/albert-vinohradska/nature-s-promise-bio-jogurt-bily-natur-itemid-64ca0b7cba162577de488d27",
      "image_url": "https://imageproxy.wolt.com/menu/menu-images/64ffec4406cca0140dfab831/9dadd83a-8eb9-11ee-8f09-b6ff72c7a500_26458458.jpg",
      "categories": [
        "MLÉČNÉ A CHLAZENÉ",
        "JOGURTY A DEZERTY"
      ],
      "prices": [
        {
          "store_name": "Albert",
          "price": null,
          "original_price": null,
          "unit_price": 66.0,
          "unit": "Kg",
          "package_size": "150 g",
          "condition": "Sleva"
        }
      ],
      "description": null
    },
    {
      "name": "Gourmet Gold Multipack Double pleasure",
      "brand": "Gourmet",
      "product_url": "https://wolt.com/cs/cze/prague/venue/albert-vinohradska/gourmet-gold-multipack-double-pleasure-itemid-64ca0b7cba162577de489efe",
      "image_url": "https://imageproxy.wolt.com/menu/menu-images/64ffec4406cca0140dfab831/a02685d0-8eaf-11ee-a2bc-1aabffa83dfd_23423428.jpg",
      "categories": [
        "ZVÍŘATA",
        "KOČKY"
      ],
      "prices": [
        {
          "store_name": "Albert",
          "price": 149.9,
          "original_price": null,
          "unit_price": 220.44,
          "unit": "Kg",
          "package_size": "680 g",
          "condition": null
        }
      ],
      "description": null
    },
    {
      "name": "Naturella Classic Normal hygienické vložky",
      "brand": "Naturella",
      "product_url": "https://wolt.com/cs/cze/prague/venue/albert-vinohradska/naturella-classic-normal-hygienicke-vlozky-itemid-64ca0b7cba162577de488e4d",
      "image_url": "https://imageproxy.wolt.com/menu/menu-images/63ad795db242366d1f818f36/46c98326-e818-11ee-97a6-3afcad4b2681_24242912.jpg",
      "categories": [
        "DROGERIE A KOSMETIKA",
        "DÁMSKÉ HYG. POTŘEBY"
      ],
      "prices": [
        {
          "store_name": "Albert",
          "price": 72.9,
          "original_price": null,
          "unit_price": 4.05,
          "unit": "ks",
          "package_size": "‪18‬ kusů",
          "condition": null
        }
      ],
      "description": null
    },
    {
      "name": "Müller Riso Ovocná (mix příchutí)",
      "brand": "Müller",
      "product_url": "https://wolt.com/cs/cze/prague/venue/albert-vinohradska/muller-riso-ovocna-mix-prichuti-itemid-657233256818b938df948742",
      "image_url": "https://imageproxy.wolt.com/menu/menu-images/64ffec4406cca0140dfab831/e7cbc54c-8eb1-11ee-b5e3-76d8d681f910_24597432.jpg",
      "categories": [
        "MLÉČNÉ A CHLAZENÉ",
        "JOGURTY A DEZERTY"
      ],
      "prices": [
        {
          "store_name": "Albert",
          "price": 24.9,
          "original_price": null,
          "unit_price": 124.5,
          "unit": "Kg",
          "package_size": "200 g",
          "condition": null
        }
      ],
      "description": null
    },
    {
      "name": "Mlékárna Kunín Selský jogurt bílý",
      "brand": "Mlékárna Kunín",
      "product_url": "https://wolt.com/cs/cze/prague/venue/albert-vinohradska/mlekarna-kunin-selsky-jogurt-bily-itemid-64ca0b7cba162577de489ae8",
      "image_url": "https://imageproxy.wolt.com/menu/menu-images/64ffec4406cca0140dfab831/ea1e3f94-8eb8-11ee-aae3-c6aa6b123400_26322506.jpg",
      "categories": [
        "MLÉČNÉ A CHLAZENÉ",
        "JOGURTY A DEZERTY"
      ],
      "prices": [
        {
          "store_name": "Albert",
          "price": 29.9,
          "original_price": null,
          "unit_price": 74.75,
          "unit": "Kg",
          "package_size": "400 g",
          "condition": null
        }
      ],
      "description": null
    },
    {
      "name": "Coca-Cola Zero",
      "brand": "Coca-Cola",
      "product_url": "https://wolt.com/cs/cze/prague/venue/albert-vinohradska/coca-cola-zero-itemid-64ca0b7cba162577de489990",
      "image_url": "https://imageproxy.wolt.com/menu/menu-images/63ad795db242366d1f818f36/2674b564-ed44-11ef-bf2e-4ed40bbef7a4_27247600.jpg",
      "categories": [
        "NÁPOJE",
        "LIMONÁDY"
      ],
      "prices": [
        {
          "store_name": "Albert",
          "price": 24.9,
          "original_price": null,
          "unit_price": 75.45,
          "unit": "l",
          "package_size": "330 ml",
          "condition": null
        }
      ],
      "description": null
    },
    {
      "name": "Nature Line Diacoca sušenky kakao-kokos",
      "brand": "Nature",
      "product_url": "https://wolt.com/cs/cze/prague/venue/albert-vinohradska/nature-line-diacoca-susenky-kakao-kokos-itemid-64ca0b7cba162577de489e66",
      "image_url": "https://imageproxy.wolt.com/menu/menu-images/64ffec4406cca0140dfab831/6e49f87a-8eb0-11ee-b24e-2a789dffa3ae_23813687.jpg",
      "categories": [
        "TRVANLIVÉ",
        "SPECIÁLNÍ"
      ],
      "prices": [
        {
          "store_name": "Albert",
          "price": 56.9,
          "original_price": null,
          "unit_price": 316.11,
          "unit": "Kg",
          "package_size": "180 g",
          "condition": null
        }
      ],
      "description": null
    },
    {
      "name": "Perla Selection Zelený čaj jahoda & jasmín",
      "brand": "Perla",
      "product_url": "https://wolt.com/cs/cze/prague/venue/albert-vinohradska/perla-selection-zeleny-caj-jahoda-jasmin-itemid-651c877f1501c03bce535267",
      "image_url": "https://imageproxy.wolt.com/menu/menu-images/64ffec4406cca0140dfab831/03b081a8-8ecb-11ee-b27d-5e576a1679f9_27793909.jpg",
      "categories": [
        "NÁPOJE",
        "KÁVA A ČAJ"
      ],
      "prices": [
        {
          "store_name": "Albert",
          "price": 53.5,
          "original_price": null,
          "unit_price": 1783.33,
          "unit": "Kg",
          "package_size": "30 g",
          "condition": null
        }
      ],
      "description": null
    },
    {
      "name": "Hollandia Selský jogurt meruňka",
      "brand": "Hollandia",
      "product_url": "https://wolt.com/cs/cze/prague/venue/albert-vinohradska/hollandia-selsky-jogurt-merunka-itemid-64ca0b7cba162577de489331",
      "image_url": "https://imageproxy.wolt.com/menu/menu-images/63ad795db242366d1f818f36/408f9f16-1c04-11ef-b289-5a6b3581df31_24181730.jpg",
      "categories": [
        "MLÉČNÉ A CHLAZENÉ",
        "JOGURTY A DEZERTY"
      ],
      "prices": [
        {
          "store_name": "Albert",
          "price": 21.9,
          "original_price": null,
          "unit_price": 109.5,
          "unit": "Kg",
          "package_size": "200 g",
          "condition": null
        }
      ],
      "description": null
    },
    {
      "name": "Ramill Mouka hladká",
      "brand": "Ramill",
      "product_url": "https://wolt.com/cs/cze/prague/venue/albert-vinohradska/ramill-mouka-hladka-itemid-64ca0b7cba162577de4891bd",
      "image_url": "https://imageproxy.wolt.com/menu/menu-images/64ffec4406cca0140dfab831/3914af12-8eae-11ee-9712-ca6029740ad7_22029973.jpg",
      "categories": [
        "TRVANLIVÉ",
        "PEČENÍ A VAŘENÍ"
      ],
      "prices": [
        {
          "store_name": "Albert",
          "price": 19.9,
          "original_price": null,
          "unit_price": 19.9,
          "unit": "Kg",
          "package_size": "1 kg",
          "condition": null
        }
      ],
      "description": null
    },
    {
      "name": "Opavia Disko sušenky čokoládová náplň",
      "brand": "Opavia",
      "product_url": "https://wolt.com/cs/cze/prague/venue/albert-vinohradska/opavia-disko-susenky-cokoladova-napln-itemid-64ca0b7cba162577de488c2f",
      "image_url": "https://imageproxy.wolt.com/menu/menu-images/64ffec4406cca0140dfab831/4ce7d3e2-8ec3-11ee-b957-3a9a41c1cb36_27374917.jpg",
      "categories": [
        "TRVANLIVÉ",
        "SLADKOSTI"
      ],
      "prices": [
        {
          "store_name": "Albert",
          "price": 49.9,
          "original_price": null,
          "unit_price": 295.27,
          "unit": "Kg",
          "package_size": "169 g",
          "condition": null
        }
      ],
      "description": null
    },
    {
      "name": "Zott Protein Drink vanilková příchuť",
      "brand": "Zott",
      "product_url": "https://wolt.com/cs/cze/prague/venue/albert-vinohradska/zott-protein-drink-vanilkova-prichut-itemid-681b5abffcbd67bf7a8f4a24",
      "image_url": "https://imageproxy.wolt.com/menu/menu-images/63ad795db242366d1f818f36/5a49b07e-2b47-11f0-90f4-0ab11f963a09_27796535.jpg",
      "categories": [
        "MLÉČNÉ A CHLAZENÉ",
        "MLÉČNÉ NÁPOJE"
      ],
      "prices": [
        {
          "store_name": "Albert",
          "price": 31.9,
          "original_price": null,
          "unit_price": 127.6,
          "unit": "l",
          "package_size": "250 ml",
          "condition": null
        }
      ],
      "description": null
    },
    {
      "name": "Fa Men Sport Boost Antiperspirant sprej",
      "brand": "Fa",
      "product_url": "https://wolt.com/cs/cze/prague/venue/albert-vinohradska/fa-men-sport-boost-antiperspirant-sprej-itemid-64ca0b7cba162577de489c3e",
      "image_url": "https://imageproxy.wolt.com/menu/menu-images/63ad795db242366d1f818f36/0a174316-a8ea-11f0-8b29-bac29f515f79_25464498.jpg",
      "categories": [
        "DROGERIE A KOSMETIKA",
        "DEODORANTY"
      ],
      "prices": [
        {
          "store_name": "Albert",
          "price": 69.9,
          "original_price": null,
          "unit_price": 466.0,
          "unit": "l",
          "package_size": "150 ml",
          "condition": null
        }
      ],
      "description": null
    },
    {
      "name": "Avanti Fragola jahodové",
      "brand": "Avanti",
      "product_url": "https://wolt.com/cs/cze/prague/venue/albert-vinohradska/avanti-fragola-jahodove-itemid-64ca0b7cba162577de489046",
      "image_url": "https://imageproxy.wolt.com/menu/menu-images/64ffec4406cca0140dfab831/aaec7bfa-8eb4-11ee-8b02-fe2992cf6bd0_25380811.jpg",
      "categories": [
        "NÁPOJE",
        "VÍNA"
      ],
      "prices": [
        {
          "store_name": "Albert",
          "price": 79.9,
          "original_price": null,
          "unit_price": 106.53,
          "unit": "l",
          "package_size": "750 ml, 9% alc",
          "condition": "18+"
        }
      ],
      "description": null
    },
    {
      "name": "Lovepet Lisované hobliny",
      "brand": "Lovepet",
      "product_url": "https://wolt.com/cs/cze/prague/venue/albert-vinohradska/lovepet-lisovane-hobliny-itemid-64ca0b7cba162577de48927d",
      "image_url": "https://imageproxy.wolt.com/menu/menu-images/64ffec4406cca0140dfab831/6709a55a-8ec5-11ee-a02f-0aca939bb6cd_27542248.jpg",
      "categories": [
        "ZVÍŘATA",
        "MALÁ ZVÍŘATA"
      ],
      "prices": [
        {
          "store_name": "Albert",
          "price": 43.9,
          "original_price": null,
          "unit_price": 54.88,
          "unit": "Kg",
          "package_size": "800 g",
          "condition": null
        }
      ],
      "description": null
    },
    {
      "name": "Poco Loco Tortilla chips sýrové",
      "brand": "Poco",
      "product_url": "https://wolt.com/cs/cze/prague/venue/albert-vinohradska/poco-loco-tortilla-chips-syrove-itemid-64ca0b7cba162577de4899f1",
      "image_url": "https://imageproxy.wolt.com/menu/menu-images/64ffec4406cca0140dfab831/09c7c396-8eb0-11ee-a81e-2e6db99b5925_23615229.jpg",
      "categories": [
        "TRVANLIVÉ",
        "SLANÉ"
      ],
      "prices": [
        {
          "store_name": "Albert",
          "price": 139.9,
          "original_price": null,
          "unit_price": 310.89,
          "unit": "Kg",
          "package_size": "450 g",
          "condition": null
        }
      ],
      "description": null
    },
    {
      "name": "Albert Matjesy kořeněné",
      "brand": "Albert",
      "product_url": "https://wolt.com/cs/cze/prague/venue/albert-vinohradska/albert-matjesy-korenene-itemid-64ca0b7cba162577de4897a3",
      "image_url": "https://imageproxy.wolt.com/menu/menu-images/64ffec4406cca0140dfab831/72e498d6-8eb0-11ee-9a49-865f2970631c_23823013.jpg",
      "categories": [
        "UZENINY A LAHŮDKY",
        "RYBÍ SPECIALITY"
      ],
      "prices": [
        {
          "store_name": "Albert",
          "price": 43.9,
          "original_price": null,
          "unit_price": 365.83,
          "unit": "Kg",
          "package_size": "120 g",
          "condition": null
        }
      ],
      "description": null
    },
    {
      "name": "El General 40%",
      "brand": "El",
      "product_url": "https://wolt.com/cs/cze/prague/venue/albert-vinohradska/el-general-40-itemid-66022f13926c402ccceba451",
      "image_url": "https://imageproxy.wolt.com/menu/menu-images/6601c613e48d1c8d95333085/3b854fa2-eae5-11ee-ab84-0a57c3b26f42_27819036.jpg",
      "categories": [
        "NÁPOJE",
        "LIHOVINY"
      ],
      "prices": [
        {
          "store_name": "Albert",
          "price": 999.0,
          "original_price": null,
          "unit_price": 1427.14,
          "unit": "l",
          "package_size": "700 ml, 40% alc",
          "condition": "18+"
        }
      ],
      "description": null
    },
    {
      "name": "Kefírové mléko meruňkové",
      "brand": null,
      "product_url": "https://wolt.com/cs/cze/prague/venue/albert-vinohradska/kefirove-mleko-merunkove-itemid-64ca0b7cba162577de488587",
      "image_url": "https://imageproxy.wolt.com/menu/menu-images/64ffec4406cca0140dfab831/6ac22d1e-8eae-11ee-9242-6294619ebc29_22356864.jpg",
      "categories": [
        "MLÉČNÉ A CHLAZENÉ",
        "MLÉČNÉ NÁPOJE"
      ],
      "prices": [
        {
          "store_name": "Albert",
          "price": 29.9,
          "original_price": null,
          "unit_price": 66.44,
          "unit": "Kg",
          "package_size": "450 g",
          "condition": null
        }
      ],
      "description": null
    },
    {
      "name": "Grapefruit červený",
      "brand": "Grapefruit",
      "product_url": "https://wolt.com/cs/cze/prague/venue/albert-vinohradska/grapefruit-cerveny-itemid-68b4ada3d71cb947a1b3b555",
      "image_url": "https://imageproxy.wolt.com/menu/menu-images/6666a3a295b96e9eba377ef3/dc85cc12-04c3-11f0-af2c-e6ba020275c5_20440602.jpg",
      "categories": [
        "OVOCE A ZELENINA",
        "OVOCE"
      ],
      "prices": [
        {
          "store_name": "Albert",
          "price": 19.96,
          "original_price": null,
          "unit_price": null,
          "unit": null,
          "package_size": "~400 g",
          "condition": null
        }
      ],
      "description": null
    },
    {
      "name": "Delicata Hořká čokoláda 57%",
      "brand": "Delicata",
      "product_url": "https://wolt.com/cs/cze/prague/venue/albert-vinohradska/delicata-horka-cokolada-57-itemid-64ca0b7cba162577de4893bd",
      "image_url": "https://imageproxy.wolt.com/menu/menu-images/64ffec4406cca0140dfab831/25861b4c-8ec8-11ee-ba19-66f80a096b2a_27706596.jpg",
      "categories": [
        "TRVANLIVÉ",
        "SLADKOSTI"
      ],
      "prices": [
        {
          "store_name": "Albert",
          "price": 39.9,
          "original_price": null,
          "unit_price": 399.0,
          "unit": "Kg",
          "package_size": "100 g",
          "condition": null
        }
      ],
      "description": null
    },
    {
      "name": "Activia Jogurtový nápoj lesní plody",
      "brand": "Activia",
      "product_url": "https://wolt.com/cs/cze/prague/venue/albert-vinohradska/activia-jogurtovy-napoj-lesni-plody-itemid-64ca0b7cba162577de489276",
      "image_url": "https://imageproxy.wolt.com/menu/menu-images/64ffec4406cca0140dfab831/925fa6dc-8eb1-11ee-8a0e-2a867062f6f7_24415996.jpg",
      "categories": [
        "MLÉČNÉ A CHLAZENÉ",
        "MLÉČNÉ NÁPOJE"
      ],
      "prices": [
        {
          "store_name": "Albert",
          "price": 32.9,
          "original_price": null,
          "unit_price": 117.5,
          "unit": "Kg",
          "package_size": "280 g",
          "condition": null
        }
      ],
      "description": null
    },
    {
      "name": "Madeta Lipánek Jemný sýr eidam 48 % plátky",
      "brand": "Madeta",
      "product_url": "https://wolt.com/cs/cze/prague/venue/albert-vinohradska/madeta-lipanek-jemny-syr-eidam-48-platky-itemid-64ca0b7cba162577de489581",
      "image_url": "https://imageproxy.wolt.com/menu/menu-images/64ffec4406cca0140dfab831/c2f2ffbc-8eb4-11ee-931a-b6077702759d_25417777.jpg",
      "categories": [
        "MLÉČNÉ A CHLAZENÉ",
        "SÝRY"
      ],
      "prices": [
        {
          "store_name": "Albert",
          "price": 36.9,
          "original_price": null,
          "unit_price": 369.0,
          "unit": "Kg",
          "package_size": "100 g",
          "condition": null
        }
      ],
      "description": null
    },
    {
      "name": "Delta Veka chlebíčková, krájená",
      "brand": "Delta",
      "product_url": "https://wolt.com/cs/cze/prague/venue/albert-vinohradska/delta-veka-chlebickova-krajena-itemid-64ca0b7cba162577de489015",
      "image_url": "https://imageproxy.wolt.com/menu/menu-images/64ffec4406cca0140dfab831/722a79fe-8ead-11ee-ba08-1af7753b7a63_20783808.jpg",
      "categories": [
        "PEKÁRNA A CUKRÁRNA",
        "SLANÉ PEČIVO BALENÉ"
      ],
      "prices": [
        {
          "store_name": "Albert",
          "price": 29.9,
          "original_price": null,
          "unit_price": 83.06,
          "unit": "Kg",
          "package_size": "360 g",
          "condition": null
        }
      ],
      "description": null
    },
    {
      "name": "Chio Popcorn slaný",
      "brand": "Chio",
      "product_url": "https://wolt.com/cs/cze/prague/venue/albert-vinohradska/chio-popcorn-slany-itemid-64ca0b7cba162577de489295",
      "image_url": "https://imageproxy.wolt.com/menu/menu-images/64ffec4406cca0140dfab831/84520f92-8ec2-11ee-aef1-f20dec45ea3c_27305171.jpg",
      "categories": [
        "TRVANLIVÉ",
        "SLANÉ"
      ],
      "prices": [
        {
          "store_name": "Albert",
          "price": 19.9,
          "original_price": null,
          "unit_price": 248.75,
          "unit": "Kg",
          "package_size": "80 g",
          "condition": null
        }
      ],
      "description": null
    },
    {
      "name": "Adidas After Sport Sprchový gel pro muže",
      "brand": "Adidas",
      "product_url": "https://wolt.com/cs/cze/prague/venue/albert-vinohradska/adidas-after-sport-sprchovy-gel-pro-muze-itemid-64ca0b7cba162577de489754",
      "image_url": "https://imageproxy.wolt.com/menu/menu-images/64ffec4406cca0140dfab831/5b47638e-8eb5-11ee-9da4-8e50ebf9f3ec_25539042.jpg",
      "categories": [
        "DROGERIE A KOSMETIKA",
        "MÝDLA A GELY"
      ],
      "prices": [
        {
          "store_name": "Albert",
          "price": 87.9,
          "original_price": null,
          "unit_price": 351.6,
          "unit": "l",
          "package_size": "250 ml",
          "condition": null
        }
      ],
      "description": null
    },
    {
      "name": "World's Market Jalapeños papričky",
      "brand": "World's Market",
      "product_url": "https://wolt.com/cs/cze/prague/venue/albert-vinohradska/world-s-market-jalapenos-papricky-itemid-64ca0b7cba162577de4892d0",
      "image_url": "https://imageproxy.wolt.com/menu/menu-images/63ad795db242366d1f818f36/ba1f366e-5efa-11ef-96ff-1e30fc92fa1e_25025736.jpg",
      "categories": [
        "TRVANLIVÉ",
        "KONZERVOVANÉ POTR."
      ],
      "prices": [
        {
          "store_name": "Albert",
          "price": 39.9,
          "original_price": null,
          "unit_price": 319.2,
          "unit": "Kg",
          "package_size": "125 g",
          "condition": null
        }
      ],
      "description": null
    },
    {
      "name": "Wilkinson Sword Xtreme3 Beauty Holicí strojek",
      "brand": "Wilkinson",
      "product_url": "https://wolt.com/cs/cze/prague/venue/albert-vinohradska/wilkinson-sword-xtreme3-beauty-holici-strojek-itemid-64ca0b7cba162577de489eda",
      "image_url": "https://imageproxy.wolt.com/menu/menu-images/64ffec4406cca0140dfab831/45e1fda4-8eb2-11ee-af15-166df9adf1b7_24692038.jpg",
      "categories": [
        "DROGERIE A KOSMETIKA",
        "HOLENÍ A DEPILACE"
      ],
      "prices": [
        {
          "store_name": "Albert",
          "price": 129.9,
          "original_price": null,
          "unit_price": 32.48,
          "unit": "ks",
          "package_size": "‪4‬ kusů",
          "condition": null
        }
      ],
      "description": null
    },
    {
      "name": "Albert Excellent Queso Manchego CHOP 50%",
      "brand": "Albert Excellent",
      "product_url": "https://wolt.com/cs/cze/prague/venue/albert-vinohradska/albert-excellent-queso-manchego-chop-50-itemid-657233256818b938df947d5a",
      "image_url": "https://imageproxy.wolt.com/menu/menu-images/63ad795db242366d1f818f36/f3cb8dd0-9795-11ef-a269-e6d8c1d71e74_27425954.jpg",
      "categories": [
        "MLÉČNÉ A CHLAZENÉ",
        "SÝRY"
      ],
      "prices": [
        {
          "store_name": "Albert",
          "price": null,
          "original_price": null,
          "unit_price": null,
          "unit": null,
          "package_size": null,
          "condition": "Sleva, Vyprodáno"
        }
      ],
      "description": null
    },
    {
      "name": "Bonavita Špaldové lupínky",
      "brand": "Bonavita",
      "product_url": "https://wolt.com/cs/cze/prague/venue/albert-vinohradska/bonavita-spaldove-lupinky-itemid-64ca0b7cba162577de489975",
      "image_url": "https://imageproxy.wolt.com/menu/menu-images/64ffec4406cca0140dfab831/df418ab4-8ebc-11ee-8e9c-6e81ffaa4982_26885810.jpg",
      "categories": [
        "TRVANLIVÉ",
        "MÜSLI A CEREÁLIE"
      ],
      "prices": [
        {
          "store_name": "Albert",
          "price": null,
          "original_price": null,
          "unit_price": 133.07,
          "unit": "Kg",
          "package_size": "375 g",
          "condition": "Sleva"
        }
      ],
      "description": null
    },
    {
      "name": "Nature's Promise Bio Polévka Minestrone",
      "brand": "Nature's Promise",
      "product_url": "https://wolt.com/cs/cze/prague/venue/albert-vinohradska/nature-s-promise-bio-polevka-minestrone-itemid-657233256818b938df948994",
      "image_url": "https://imageproxy.wolt.com/menu/menu-images/64ffec4406cca0140dfab831/bb7cad2e-8ec7-11ee-88c8-6e0f65c8f049_27673812.jpg",
      "categories": [
        "UZENINY A LAHŮDKY",
        "HOTOVKY A PŘÍLOHY"
      ],
      "prices": [
        {
          "store_name": "Albert",
          "price": null,
          "original_price": null,
          "unit_price": 91.5,
          "unit": "Kg",
          "package_size": "600 g",
          "condition": "Sleva"
        }
      ],
      "description": null
    },
    {
      "name": "Actimel Jogurtový nápoj lesní plody",
      "brand": "Actimel",
      "product_url": "https://wolt.com/cs/cze/prague/venue/albert-vinohradska/actimel-jogurtovy-napoj-lesni-plody-itemid-64ca0b7cba162577de489218",
      "image_url": "https://imageproxy.wolt.com/menu/menu-images/63ad795db242366d1f818f36/44ef9a70-1c04-11ef-b86b-52b8ad662ff2_25334524.jpg",
      "categories": [
        "MLÉČNÉ A CHLAZENÉ",
        "MLÉČNÉ NÁPOJE"
      ],
      "prices": [
        {
          "store_name": "Albert",
          "price": 129.9,
          "original_price": null,
          "unit_price": 162.38,
          "unit": "Kg",
          "package_size": "800 g",
          "condition": null
        }
      ],
      "description": null
    },
    {
      "name": "Kotex Normal tampóny",
      "brand": "Kotex",
      "product_url": "https://wolt.com/cs/cze/prague/venue/albert-vinohradska/kotex-normal-tampony-itemid-64ca0b7cba162577de489ba6",
      "image_url": "https://imageproxy.wolt.com/menu/menu-images/64ffec4406cca0140dfab831/fd527240-8eb0-11ee-8674-662d260bbeaa_24178730.jpg",
      "categories": [
        "DROGERIE A KOSMETIKA",
        "DÁMSKÉ HYG. POTŘEBY"
      ],
      "prices": [
        {
          "store_name": "Albert",
          "price": 129.9,
          "original_price": null,
          "unit_price": 4.06,
          "unit": "ks",
          "package_size": "‪32‬ kusů",
          "condition": null
        }
      ],
      "description": null
    },
    {
      "name": "Nature's Promise Mleté veganské",
      "brand": "Nature's Promise",
      "product_url": "https://wolt.com/cs/cze/prague/venue/albert-vinohradska/nature-s-promise-mlete-veganske-itemid-657233256818b938df948ba7",
      "image_url": "https://imageproxy.wolt.com/menu/menu-images/64ffec4406cca0140dfab831/d3d4a5aa-8ec4-11ee-975f-22ab4de1c557_27496213.jpg",
      "categories": [
        "UZENINY A LAHŮDKY",
        "HOTOVKY A PŘÍLOHY"
      ],
      "prices": [
        {
          "store_name": "Albert",
          "price": null,
          "original_price": null,
          "unit_price": 219.6,
          "unit": "Kg",
          "package_size": "250 g",
          "condition": "Sleva"
        }
      ],
      "description": null
    },
    {
      "name": "Colgate Triple Action zubní pasta",
      "brand": "Colgate",
      "product_url": "https://wolt.com/cs/cze/prague/venue/albert-vinohradska/colgate-triple-action-zubni-pasta-itemid-6601f4f49810085d30703ba4",
      "image_url": "https://imageproxy.wolt.com/menu/menu-images/6601c613e48d1c8d95333085/0d9306e8-eae5-11ee-8cac-4edc7219f866_27765432.jpg",
      "categories": [
        "DROGERIE A KOSMETIKA",
        "ÚSTNÍ HYGIENA"
      ],
      "prices": [
        {
          "store_name": "Albert",
          "price": 34.9,
          "original_price": null,
          "unit_price": 465.33,
          "unit": "l",
          "package_size": "75 ml",
          "condition": null
        }
      ],
      "description": null
    },
    {
      "name": "Emco Mysli na zdraví s ovocem",
      "brand": "Emco",
      "product_url": "https://wolt.com/cs/cze/prague/venue/albert-vinohradska/emco-mysli-na-zdravi-s-ovocem-itemid-64ca0b7cba162577de4897e3",
      "image_url": "https://imageproxy.wolt.com/menu/menu-images/63ad795db242366d1f818f36/eef65bf2-7825-11f0-b64e-badfb141c24e_23151772.jpg",
      "categories": [
        "TRVANLIVÉ",
        "MÜSLI A CEREÁLIE"
      ],
      "prices": [
        {
          "store_name": "Albert",
          "price": 125.9,
          "original_price": null,
          "unit_price": 167.87,
          "unit": "Kg",
          "package_size": "750 g",
          "condition": null
        }
      ],
      "description": null
    },
    {
      "name": "Garden Gourmet Vegan nugetky",
      "brand": "Garden Gourmet",
      "product_url": "https://wolt.com/cs/cze/prague/venue/albert-vinohradska/garden-gourmet-vegan-nugetky-itemid-657233256818b938df948a14",
      "image_url": "https://imageproxy.wolt.com/menu/menu-images/63ad795db242366d1f818f36/0f98dcee-bbe4-11ef-ab9f-b6458f36dde7_27636794.jpg",
      "categories": [
        "UZENINY A LAHŮDKY",
        "HOTOVKY A PŘÍLOHY"
      ],
      "prices": [
        {
          "store_name": "Albert",
          "price": 69.9,
          "original_price": null,
          "unit_price": 349.5,
          "unit": "Kg",
          "package_size": "200 g",
          "condition": null
        }
      ],
      "description": null
    },
    {
      "name": "Felix Tasty Shreds výběr mix",
      "brand": "Felix",
      "product_url": "https://wolt.com/cs/cze/prague/venue/albert-vinohradska/felix-tasty-shreds-vyber-mix-itemid-64ca0b7cba162577de48a5c9",
      "image_url": "https://imageproxy.wolt.com/menu/menu-images/64ffec4406cca0140dfab831/5bf37e8c-8ec2-11ee-8654-46b0bb5ce808_27297179.jpg",
      "categories": [
        "ZVÍŘATA",
        "KOČKY"
      ],
      "prices": [
        {
          "store_name": "Albert",
          "price": 129.9,
          "original_price": null,
          "unit_price": 135.31,
          "unit": "Kg",
          "package_size": "960 g",
          "condition": null
        }
      ],
      "description": null
    },
    {
      "name": "Pampers Active Baby pleny Maxi, velikost 4",
      "brand": "Pampers",
      "product_url": "https://wolt.com/cs/cze/prague/venue/albert-vinohradska/pampers-active-baby-pleny-maxi-velikost-4-itemid-64ca0b7cba162577de489e21",
      "image_url": "https://imageproxy.wolt.com/menu/menu-images/63ad795db242366d1f818f36/d37fbdf4-ed43-11ef-ae08-92442b4649be_24621731.jpg",
      "categories": [
        "DÍTĚ",
        "PLENY A PODLOŽKY"
      ],
      "prices": [
        {
          "store_name": "Albert",
          "price": null,
          "original_price": null,
          "unit_price": 5.67,
          "unit": "ks",
          "package_size": "‪58‬ kusů",
          "condition": "Sleva"
        }
      ],
      "description": null
    },
    {
      "name": "Česká chuť Eidam 30% plátky",
      "brand": "Česká chuť",
      "product_url": "https://wolt.com/cs/cze/prague/venue/albert-vinohradska/ceska-chut-eidam-30-platky-itemid-64ca0b7cba162577de489148",
      "image_url": "https://imageproxy.wolt.com/menu/menu-images/64ffec4406cca0140dfab831/cb7d3e96-8ebd-11ee-9a6f-0ada12279bd6_26965963.jpg",
      "categories": [
        "MLÉČNÉ A CHLAZENÉ",
        "SÝRY"
      ],
      "prices": [
        {
          "store_name": "Albert",
          "price": 51.9,
          "original_price": null,
          "unit_price": 259.5,
          "unit": "Kg",
          "package_size": "200 g",
          "condition": null
        }
      ],
      "description": null
    },
    {
      "name": "Dekos Kelímek papírový",
      "brand": "Dekos",
      "product_url": "https://wolt.com/cs/cze/prague/venue/albert-vinohradska/dekos-kelimek-papirovy-itemid-6601f5e6ecd55ede609ba777",
      "image_url": "https://imageproxy.wolt.com/menu/menu-images/6601c613e48d1c8d95333085/df84bcde-eae3-11ee-9c08-7af12948c363_27264430.jpg",
      "categories": [
        "DOMÁCNOST A ZAHRADA",
        "DEKORACE"
      ],
      "prices": [
        {
          "store_name": "Albert",
          "price": 44.9,
          "original_price": null,
          "unit_price": 4.49,
          "unit": "ks",
          "package_size": "‪10‬ kusů",
          "condition": "Vyprodáno"
        }
      ],
      "description": null
    },
    {
      "name": "Milka Mléčná čokoláda",
      "brand": "Milka",
      "product_url": "https://wolt.com/cs/cze/prague/venue/albert-vinohradska/milka-mlecna-cokolada-itemid-64ca0b7cba162577de488083",
      "image_url": "https://imageproxy.wolt.com/menu/menu-images/63ad795db242366d1f818f36/911cafe0-be3e-11f0-94ba-ae7280677fea_24616393.jpg",
      "categories": [
        "TRVANLIVÉ",
        "SLADKOSTI"
      ],
      "prices": [
        {
          "store_name": "Albert",
          "price": 109.9,
          "original_price": null,
          "unit_price": 439.6,
          "unit": "Kg",
          "package_size": "250 g",
          "condition": null
        }
      ],
      "description": null
    },
    {
      "name": "Albert Proteinový koktejl jahoda",
      "brand": "Albert",
      "product_url": "https://wolt.com/cs/cze/prague/venue/albert-vinohradska/albert-proteinovy-koktejl-jahoda-itemid-681b5abffcbd67bf7a8f4a02",
      "image_url": "https://imageproxy.wolt.com/menu/menu-images/63ad795db242366d1f818f36/a2b161a4-2b47-11f0-bb8d-869b82451654_27938881.jpg",
      "categories": [
        "MLÉČNÉ A CHLAZENÉ",
        "MLÉČNÉ NÁPOJE"
      ],
      "prices": [
        {
          "store_name": "Albert",
          "price": null,
          "original_price": null,
          "unit_price": 463.33,
          "unit": "Kg",
          "package_size": "30 g",
          "condition": "Sleva"
        }
      ],
      "description": null
    },
    {
      "name": "Vitana Do hrnečku Česnečka s houstičkami",
      "brand": "Vitana",
      "product_url": "https://wolt.com/cs/cze/prague/venue/albert-vinohradska/vitana-do-hrnecku-cesnecka-s-houstickami-itemid-64ca0b7cba162577de489141",
      "image_url": "https://imageproxy.wolt.com/menu/menu-images/64ffec4406cca0140dfab831/5839505a-8eb3-11ee-ad5a-1e037cde04d4_25017601.jpg",
      "categories": [
        "TRVANLIVÉ",
        "INSTANTNÍ POKRMY"
      ],
      "prices": [
        {
          "store_name": "Albert",
          "price": 14.9,
          "original_price": null,
          "unit_price": 876.47,
          "unit": "Kg",
          "package_size": "17 g",
          "condition": null
        }
      ],
      "description": null
    },
    {
      "name": "Mama Vlasové rýžové nudle",
      "brand": "Mama",
      "product_url": "https://wolt.com/cs/cze/prague/venue/albert-vinohradska/mama-vlasove-ryzove-nudle-itemid-64ca0b7cba162577de4896ff",
      "image_url": "https://imageproxy.wolt.com/menu/menu-images/64ffec4406cca0140dfab831/7036db12-8eb5-11ee-a5d1-1e9e4c6f0bda_25555035.jpg",
      "categories": [
        "TRVANLIVÉ",
        "RÝŽE A VAŘENÍ"
      ],
      "prices": [
        {
          "store_name": "Albert",
          "price": 79.9,
          "original_price": null,
          "unit_price": 199.75,
          "unit": "Kg",
          "package_size": "400 g",
          "condition": "Vyprodáno"
        }
      ],
      "description": null
    },
    {
      "name": "Sommelier Collection Pinot Gris",
      "brand": "Sommelier",
      "product_url": "https://wolt.com/cs/cze/prague/venue/albert-vinohradska/sommelier-collection-pinot-gris-itemid-657233256818b938df948315",
      "image_url": "https://imageproxy.wolt.com/menu/menu-images/64ffec4406cca0140dfab831/ad182142-8ec6-11ee-81d0-eadfee8d92ce_27618769.jpg",
      "categories": [
        "NÁPOJE",
        "VÍNA"
      ],
      "prices": [
        {
          "store_name": "Albert",
          "price": 216.0,
          "original_price": null,
          "unit_price": 288.0,
          "unit": "l",
          "package_size": "750 ml, 13% alc",
          "condition": "18+"
        }
      ],
      "description": null
    },
    {
      "name": "Albert 100% Šťáva jablko a řepa",
      "brand": "Albert",
      "product_url": "https://wolt.com/cs/cze/prague/venue/albert-vinohradska/albert-100-stava-jablko-a-repa-itemid-64ca0b7cba162577de488773",
      "image_url": "https://imageproxy.wolt.com/menu/menu-images/64ffec4406cca0140dfab831/ba614d0c-8ec0-11ee-938c-22ab4de1c557_27193976.jpg",
      "categories": [
        "NÁPOJE",
        "DŽUSY A NEKTARY"
      ],
      "prices": [
        {
          "store_name": "Albert",
          "price": 52.9,
          "original_price": null,
          "unit_price": 52.9,
          "unit": "l",
          "package_size": "1 l",
          "condition": null
        }
      ],
      "description": null
    },
    {
      "name": "Albert Pažitka řezaná vanička",
      "brand": "Albert",
      "product_url": "https://wolt.com/cs/cze/prague/venue/albert-vinohradska/albert-pazitka-rezana-vanicka-itemid-64ca0b7cba162577de488403",
      "image_url": "https://imageproxy.wolt.com/menu/menu-images/63ad795db242366d1f818f36/648b9a10-d995-11ef-a6ea-3e675f0c04d3_26041926.jpg",
      "categories": [
        "OVOCE A ZELENINA",
        "BYLINKY A KOŘENÍ"
      ],
      "prices": [
        {
          "store_name": "Albert",
          "price": 34.9,
          "original_price": null,
          "unit_price": 1163.33,
          "unit": "Kg",
          "package_size": "30 g",
          "condition": null
        }
      ],
      "description": null
    },
    {
      "name": "Brambory konzumní pozdní varný typ B",
      "brand": null,
      "product_url": "https://wolt.com/cs/cze/prague/venue/albert-vinohradska/brambory-konzumni-pozdni-varny-typ-b-itemid-657233256818b938df947933",
      "image_url": "https://imageproxy.wolt.com/menu/menu-images/64ffec4406cca0140dfab831/13ba667a-8eaf-11ee-91c0-c21b45fc094b_23093423.jpg",
      "categories": [
        "OVOCE A ZELENINA",
        "ZELENINA"
      ],
      "prices": [
        {
          "store_name": "Albert",
          "price": null,
          "original_price": null,
          "unit_price": 12.45,
          "unit": "Kg",
          "package_size": "2 kg",
          "condition": "Sleva"
        }
      ],
      "description": null
    },
    {
      "name": "Lovepet Stelivo pro kočky",
      "brand": "Lovepet",
      "product_url": "https://wolt.com/cs/cze/prague/venue/albert-vinohradska/lovepet-stelivo-pro-kocky-itemid-64ca0b7cba162577de488749",
      "image_url": "https://imageproxy.wolt.com/menu/menu-images/64ffec4406cca0140dfab831/cada9d32-8eb6-11ee-969e-ca3c3355ab39_25839623.jpg",
      "categories": [
        "ZVÍŘATA",
        "KOČKY"
      ],
      "prices": [
        {
          "store_name": "Albert",
          "price": 54.9,
          "original_price": null,
          "unit_price": 10.98,
          "unit": "Kg",
          "package_size": "5 kg",
          "condition": null
        }
      ],
      "description": null
    },
    {
      "name": "K2r Čistič pračky 3v1",
      "brand": "K2r",
      "product_url": "https://wolt.com/cs/cze/prague/venue/albert-vinohradska/k2r-cistic-pracky-3v1-itemid-657233256818b938df947f87",
      "image_url": "https://imageproxy.wolt.com/menu/menu-images/63ad795db242366d1f818f36/3f96f616-765b-11ef-adf8-9ab3888a21bd_26555645.jpg",
      "categories": [
        "DROGERIE A KOSMETIKA",
        "PRACÍ PROSTŘEDKY"
      ],
      "prices": [
        {
          "store_name": "Albert",
          "price": 89.9,
          "original_price": null,
          "unit_price": 44.95,
          "unit": "ks",
          "package_size": "‪2‬ kusů",
          "condition": null
        }
      ],
      "description": null
    },
    {
      "name": "Poco Loco Tortilla chips slané",
      "brand": "Poco",
      "product_url": "https://wolt.com/cs/cze/prague/venue/albert-vinohradska/poco-loco-tortilla-chips-slane-itemid-64ca0b7cba162577de489cf1",
      "image_url": "https://imageproxy.wolt.com/menu/menu-images/64ffec4406cca0140dfab831/2ff2d404-8eb3-11ee-920c-76d8d681f910_24981279.jpg",
      "categories": [
        "TRVANLIVÉ",
        "SLANÉ"
      ],
      "prices": [
        {
          "store_name": "Albert",
          "price": 139.9,
          "original_price": null,
          "unit_price": 310.89,
          "unit": "Kg",
          "package_size": "450 g",
          "condition": null
        }
      ],
      "description": null
    },
    {
      "name": "Activia Jogurt bílý probiotický",
      "brand": "Activia",
      "product_url": "https://wolt.com/cs/cze/prague/venue/albert-vinohradska/activia-jogurt-bily-probioticky-itemid-64ca0b7cba162577de4894f0",
      "image_url": "https://imageproxy.wolt.com/menu/menu-images/64ffec4406cca0140dfab831/8a4e828a-8eaf-11ee-b665-6294619ebc29_23347786.jpg",
      "categories": [
        "MLÉČNÉ A CHLAZENÉ",
        "JOGURTY A DEZERTY"
      ],
      "prices": [
        {
          "store_name": "Albert",
          "price": 69.9,
          "original_price": null,
          "unit_price": 145.63,
          "unit": "Kg",
          "package_size": "480 g",
          "condition": null
        }
      ],
      "description": null
    },
    {
      "name": "Mattoni Esence citronu perlivá",
      "brand": "Mattoni",
      "product_url": "https://wolt.com/cs/cze/prague/venue/albert-vinohradska/mattoni-esence-citronu-perliva-itemid-64ca0b7cba162577de4882e9",
      "image_url": "https://imageproxy.wolt.com/menu/menu-images/64ffec4406cca0140dfab831/e25056ae-8ec1-11ee-a1b2-2e546726778e_27265703.jpg",
      "categories": [
        "NÁPOJE",
        "VODY A MINERÁLKY"
      ],
      "prices": [
        {
          "store_name": "Albert",
          "price": 14.9,
          "original_price": null,
          "unit_price": 9.93,
          "unit": "l",
          "package_size": "1,5 l",
          "condition": null
        }
      ],
      "description": null
    },
    {
      "name": "Kitbis Extra šumivé bonbóny",
      "brand": "Kitbis",
      "product_url": "https://wolt.com/cs/cze/prague/venue/albert-vinohradska/kitbis-extra-sumive-bonbony-itemid-657233256818b938df948510",
      "image_url": "https://imageproxy.wolt.com/menu/menu-images/64ffec4406cca0140dfab831/a81dd656-8ebb-11ee-9e00-6a11ca682d5f_26788043.jpg",
      "categories": [
        "TRVANLIVÉ",
        "SLADKOSTI"
      ],
      "prices": [
        {
          "store_name": "Albert",
          "price": 12.9,
          "original_price": null,
          "unit_price": 215.0,
          "unit": "Kg",
          "package_size": "60 g",
          "condition": null
        }
      ],
      "description": null
    },
    {
      "name": "Rajec Kojenecká voda",
      "brand": "Rajec",
      "product_url": "https://wolt.com/cs/cze/prague/venue/albert-vinohradska/rajec-kojenecka-voda-itemid-657233256818b938df9485ab",
      "image_url": "https://imageproxy.wolt.com/menu/menu-images/64ffec4406cca0140dfab831/ef000352-8eb9-11ee-8766-96ff514b0205_26531977.jpg",
      "categories": [
        "NÁPOJE",
        "VODY A MINERÁLKY"
      ],
      "prices": [
        {
          "store_name": "Albert",
          "price": 14.9,
          "original_price": null,
          "unit_price": 45.15,
          "unit": "l",
          "package_size": "330 ml",
          "condition": null
        }
      ],
      "description": null
    },
    {
      "name": "Rexona Men Marine Fresh Antiperspirant sprej",
      "brand": "Rexona",
      "product_url": "https://wolt.com/cs/cze/prague/venue/albert-vinohradska/rexona-men-marine-fresh-antiperspirant-sprej-itemid-66021846428363e8e375e46a",
      "image_url": "https://imageproxy.wolt.com/menu/menu-images/6601c613e48d1c8d95333085/b097a648-eae3-11ee-936f-0279839fcf9e_27153543.jpg",
      "categories": [
        "DROGERIE A KOSMETIKA",
        "DEODORANTY"
      ],
      "prices": [
        {
          "store_name": "Albert",
          "price": 76.9,
          "original_price": null,
          "unit_price": 512.67,
          "unit": "l",
          "package_size": "150 ml",
          "condition": null
        }
      ],
      "description": null
    },
    {
      "name": "Nature's Promise Jogurt malinový bez laktózy",
      "brand": "Nature's Promise",
      "product_url": "https://wolt.com/cs/cze/prague/venue/albert-vinohradska/nature-s-promise-jogurt-malinovy-bez-laktozy-itemid-64ca0b7cba162577de488581",
      "image_url": "https://imageproxy.wolt.com/menu/menu-images/64ffec4406cca0140dfab831/55e1f6e4-8ebe-11ee-80fb-cef5e19e5e09_27023426.jpg",
      "categories": [
        "MLÉČNÉ A CHLAZENÉ",
        "JOGURTY A DEZERTY"
      ],
      "prices": [
        {
          "store_name": "Albert",
          "price": null,
          "original_price": null,
          "unit_price": 99.33,
          "unit": "Kg",
          "package_size": "150 g",
          "condition": "Sleva"
        }
      ],
      "description": null
    },
    {
      "name": "Bad Reichenhaller Alpská sůl s jódem",
      "brand": "Bad Reichenhaller",
      "product_url": "https://wolt.com/cs/cze/prague/venue/albert-vinohradska/bad-reichenhaller-alpska-sul-s-jodem-itemid-64ca0b7cba162577de489dc0",
      "image_url": "https://imageproxy.wolt.com/menu/menu-images/64ffec4406cca0140dfab831/7670420e-8eb3-11ee-8799-166df9adf1b7_25050660.jpg",
      "categories": [
        "TRVANLIVÉ",
        "KOŘENÍ A OCHUCOVADLA"
      ],
      "prices": [
        {
          "store_name": "Albert",
          "price": 31.5,
          "original_price": null,
          "unit_price": 63.0,
          "unit": "Kg",
          "package_size": "500 g",
          "condition": null
        }
      ],
      "description": null
    },
    {
      "name": "Love Pet Granule pro kočky s hovězím",
      "brand": "Love",
      "product_url": "https://wolt.com/cs/cze/prague/venue/albert-vinohradska/love-pet-granule-pro-kocky-s-hovezim-itemid-64ca0b7cba162577de48a558",
      "image_url": "https://imageproxy.wolt.com/menu/menu-images/63ad795db242366d1f818f36/867cbdca-8e26-11f0-b4aa-da2df9998d87_27423431.jpg",
      "categories": [
        "ZVÍŘATA",
        "KOČKY"
      ],
      "prices": [
        {
          "store_name": "Albert",
          "price": 99.9,
          "original_price": null,
          "unit_price": 71.36,
          "unit": "Kg",
          "package_size": "1,4 kg",
          "condition": null
        }
      ],
      "description": null
    },
    {
      "name": "Doritos Nacho Cheese chipsy",
      "brand": "Doritos",
      "product_url": "https://wolt.com/cs/cze/prague/venue/albert-vinohradska/doritos-nacho-cheese-chipsy-itemid-657233256818b938df9488b2",
      "image_url": "https://imageproxy.wolt.com/menu/menu-images/64ffec4406cca0140dfab831/4b9550ac-8ecb-11ee-a0a7-0294722b0773_27802496.jpg",
      "categories": [
        "TRVANLIVÉ",
        "SLANÉ"
      ],
      "prices": [
        {
          "store_name": "Albert",
          "price": 52.9,
          "original_price": null,
          "unit_price": 529.0,
          "unit": "Kg",
          "package_size": "100 g",
          "condition": null
        }
      ],
      "description": null
    },
    {
      "name": "Milka Choco snack",
      "brand": "Milka",
      "product_url": "https://wolt.com/cs/cze/prague/venue/albert-vinohradska/milka-choco-snack-itemid-64ca0b7cba162577de489477",
      "image_url": "https://imageproxy.wolt.com/menu/menu-images/64ffec4406cca0140dfab831/398637f8-8ebe-11ee-a5b5-a6b73cfda2ad_27006115.jpg",
      "categories": [
        "MLÉČNÉ A CHLAZENÉ",
        "JOGURTY A DEZERTY"
      ],
      "prices": [
        {
          "store_name": "Albert",
          "price": null,
          "original_price": null,
          "unit_price": 548.28,
          "unit": "Kg",
          "package_size": "29 g",
          "condition": "Sleva"
        }
      ],
      "description": null
    },
    {
      "name": "Liptov Hravé Pareničky",
      "brand": "Liptov",
      "product_url": "https://wolt.com/cs/cze/prague/venue/albert-vinohradska/liptov-hrave-parenicky-itemid-657233256818b938df947bd0",
      "image_url": "https://imageproxy.wolt.com/menu/menu-images/64ffec4406cca0140dfab831/3a3bc892-8ec4-11ee-9ac9-5e8c96b8dcdd_27454800.jpg",
      "categories": [
        "MLÉČNÉ A CHLAZENÉ",
        "SÝRY"
      ],
      "prices": [
        {
          "store_name": "Albert",
          "price": 66.9,
          "original_price": null,
          "unit_price": 669.0,
          "unit": "Kg",
          "package_size": "100 g",
          "condition": null
        }
      ],
      "description": null
    },
    {
      "name": "Darbo Džem Šípky",
      "brand": "Darbo",
      "product_url": "https://wolt.com/cs/cze/prague/venue/albert-vinohradska/darbo-dzem-sipky-itemid-64ca0b7cba162577de48a35f",
      "image_url": "https://imageproxy.wolt.com/menu/menu-images/64ffec4406cca0140dfab831/01029a82-8eca-11ee-b3b4-02b3b6b882fb_27768341.jpg",
      "categories": [
        "TRVANLIVÉ",
        "MEDY A SL. POMAZÁNKY"
      ],
      "prices": [
        {
          "store_name": "Albert",
          "price": 119.9,
          "original_price": null,
          "unit_price": 266.44,
          "unit": "Kg",
          "package_size": "450 g",
          "condition": null
        }
      ],
      "description": null
    },
    {
      "name": "Albert Métská čajovka",
      "brand": "Albert",
      "product_url": "https://wolt.com/cs/cze/prague/venue/albert-vinohradska/albert-metska-cajovka-itemid-64ca0b7cba162577de489522",
      "image_url": "https://imageproxy.wolt.com/menu/menu-images/63ad795db242366d1f818f36/15a5c93e-dc57-11ee-8a19-be98b3980be0_20309206.jpg",
      "categories": [
        "UZENINY A LAHŮDKY",
        "PÁRKY A KLOBÁSY"
      ],
      "prices": [
        {
          "store_name": "Albert",
          "price": 36.9,
          "original_price": null,
          "unit_price": 263.57,
          "unit": "Kg",
          "package_size": "140 g",
          "condition": null
        }
      ],
      "description": null
    },
    {
      "name": "Président Rondelé se solí",
      "brand": "Président",
      "product_url": "https://wolt.com/cs/cze/prague/venue/albert-vinohradska/president-rondele-se-soli-itemid-657233256818b938df947885",
      "image_url": "https://imageproxy.wolt.com/menu/menu-images/64ffec4406cca0140dfab831/79e563e2-8eb3-11ee-a71d-3a1814765055_25055689.jpg",
      "categories": [
        "MLÉČNÉ A CHLAZENÉ",
        "SÝRY"
      ],
      "prices": [
        {
          "store_name": "Albert",
          "price": 52.9,
          "original_price": null,
          "unit_price": 529.0,
          "unit": "Kg",
          "package_size": "100 g",
          "condition": null
        }
      ],
      "description": null
    },
    {
      "name": "Fine crispy Popcorn sýrový",
      "brand": "Fine",
      "product_url": "https://wolt.com/cs/cze/prague/venue/albert-vinohradska/fine-crispy-popcorn-syrovy-itemid-64ca0b7cba162577de4885a3",
      "image_url": "https://imageproxy.wolt.com/menu/menu-images/64ffec4406cca0140dfab831/dd5fada2-8eb2-11ee-8455-1ec840397d06_24893954.jpg",
      "categories": [
        "TRVANLIVÉ",
        "SLANÉ"
      ],
      "prices": [
        {
          "store_name": "Albert",
          "price": 11.9,
          "original_price": null,
          "unit_price": 119.0,
          "unit": "Kg",
          "package_size": "100 g",
          "condition": null
        }
      ],
      "description": null
    },
    {
      "name": "Nestlé Lion cereálie",
      "brand": "Nestlé",
      "product_url": "https://wolt.com/cs/cze/prague/venue/albert-vinohradska/nestle-lion-cerealie-itemid-651c868995f6f04496e18555",
      "image_url": "https://imageproxy.wolt.com/menu/menu-images/64ffec4406cca0140dfab831/8d897b62-8ec8-11ee-a6b3-5a01586eeed4_27725948.jpg",
      "categories": [
        "TRVANLIVÉ",
        "MÜSLI A CEREÁLIE"
      ],
      "prices": [
        {
          "store_name": "Albert",
          "price": null,
          "original_price": null,
          "unit_price": 199.75,
          "unit": "Kg",
          "package_size": "400 g",
          "condition": "Sleva"
        }
      ],
      "description": null
    },
    {
      "name": "Giana Rajčatový protlak",
      "brand": "Giana",
      "product_url": "https://wolt.com/cs/cze/prague/venue/albert-vinohradska/giana-rajcatovy-protlak-itemid-64ca0b7cba162577de488315",
      "image_url": "https://imageproxy.wolt.com/menu/menu-images/63ad795db242366d1f818f36/9030719a-9796-11ef-a705-4eb68c0a85de_23368811.jpg",
      "categories": [
        "TRVANLIVÉ",
        "KONZERVOVANÉ POTR."
      ],
      "prices": [
        {
          "store_name": "Albert",
          "price": 10.5,
          "original_price": null,
          "unit_price": 150.0,
          "unit": "Kg",
          "package_size": "70 g",
          "condition": null
        }
      ],
      "description": null
    },
    {
      "name": "Lučina Smetanová",
      "brand": "Lučina",
      "product_url": "https://wolt.com/cs/cze/prague/venue/albert-vinohradska/lucina-smetanova-itemid-64ca0b7cba162577de48827d",
      "image_url": "https://imageproxy.wolt.com/menu/menu-images/63ad795db242366d1f818f36/29ce11c6-25b4-11f0-97f9-ce70a5713092_24219495.jpg",
      "categories": [
        "MLÉČNÉ A CHLAZENÉ",
        "SÝRY"
      ],
      "prices": [
        {
          "store_name": "Albert",
          "price": 46.9,
          "original_price": null,
          "unit_price": 390.83,
          "unit": "Kg",
          "package_size": "120 g",
          "condition": null
        }
      ],
      "description": null
    },
    {
      "name": "Palmolive Naturals mýdlo s výtažky z mléka a medu",
      "brand": "Palmolive",
      "product_url": "https://wolt.com/cs/cze/prague/venue/albert-vinohradska/palmolive-naturals-mydlo-s-vytazky-z-mleka-a-medu-itemid-6601eae9825ed3814d38afc6",
      "image_url": "https://imageproxy.wolt.com/menu/menu-images/63ad795db242366d1f818f36/1e19af32-4e4d-11ef-b920-0e752ad4f570_20327804.jpg",
      "categories": [
        "DROGERIE A KOSMETIKA",
        "MÝDLA A GELY"
      ],
      "prices": [
        {
          "store_name": "Albert",
          "price": null,
          "original_price": null,
          "unit_price": 265.56,
          "unit": "Kg",
          "package_size": "90 g",
          "condition": "Sleva"
        }
      ],
      "description": null
    },
    {
      "name": "Milko Tvaroháček s příchutí vanilky",
      "brand": "Milko",
      "product_url": "https://wolt.com/cs/cze/prague/venue/albert-vinohradska/milko-tvarohacek-s-prichuti-vanilky-itemid-657233256818b938df948aca",
      "image_url": "https://imageproxy.wolt.com/menu/menu-images/63ad795db242366d1f818f36/36829a2c-a8ea-11f0-ae3f-169608529419_27774571.jpg",
      "categories": [
        "MLÉČNÉ A CHLAZENÉ",
        "JOGURTY A DEZERTY"
      ],
      "prices": [
        {
          "store_name": "Albert",
          "price": 23.9,
          "original_price": null,
          "unit_price": 183.85,
          "unit": "Kg",
          "package_size": "130 g",
          "condition": null
        }
      ],
      "description": null
    },
    {
      "name": "Nature's Promise Bio Špagety celozrnné",
      "brand": "Nature's Promise",
      "product_url": "https://wolt.com/cs/cze/prague/venue/albert-vinohradska/nature-s-promise-bio-spagety-celozrnne-itemid-64ca0b7cba162577de489730",
      "image_url": "https://imageproxy.wolt.com/menu/menu-images/63ad795db242366d1f818f36/723daa40-8e26-11f0-ab9a-a2db9da344ef_26845821.jpg",
      "categories": [
        "TRVANLIVÉ",
        "TĚSTOVINY A KUSKUS"
      ],
      "prices": [
        {
          "store_name": "Albert",
          "price": 27.9,
          "original_price": null,
          "unit_price": 55.8,
          "unit": "Kg",
          "package_size": "500 g",
          "condition": null
        }
      ],
      "description": null
    },
    {
      "name": "Red Bull energy drink",
      "brand": "Red",
      "product_url": "https://wolt.com/cs/cze/prague/venue/albert-vinohradska/red-bull-energy-drink-itemid-64ca0b7cba162577de4898e0",
      "image_url": "https://imageproxy.wolt.com/menu/menu-images/64ffec4406cca0140dfab831/e1fc0b88-8eaf-11ee-9e5b-96106fe39af5_23568921.jpg",
      "categories": [
        "NÁPOJE",
        "ENERGY NÁPOJE"
      ],
      "prices": [
        {
          "store_name": "Albert",
          "price": 149.9,
          "original_price": null,
          "unit_price": 149.9,
          "unit": "l",
          "package_size": "1 l",
          "condition": null
        }
      ],
      "description": null
    },
    {
      "name": "Dr. Oetker Perník v prášku",
      "brand": "Dr. Oetker",
      "product_url": "https://wolt.com/cs/cze/prague/venue/albert-vinohradska/dr-oetker-pernik-v-prasku-itemid-64ca0b7cba162577de489e42",
      "image_url": "https://imageproxy.wolt.com/menu/menu-images/63ad795db242366d1f818f36/ec80d614-a8e9-11f0-aca1-7ad483de8660_20322038.jpg",
      "categories": [
        "TRVANLIVÉ",
        "PEČENÍ A VAŘENÍ"
      ],
      "prices": [
        {
          "store_name": "Albert",
          "price": 79.9,
          "original_price": null,
          "unit_price": 147.96,
          "unit": "Kg",
          "package_size": "540 g",
          "condition": null
        }
      ],
      "description": null
    },
    {
      "name": "Day Up Dezert s proteinem Jablko, banán, kokos",
      "brand": "Day Up",
      "product_url": "https://wolt.com/cs/cze/prague/venue/albert-vinohradska/day-up-dezert-s-proteinem-jablko-banan-kokos-itemid-681b5abffcbd67bf7a8f4a13",
      "image_url": "https://imageproxy.wolt.com/menu/menu-images/63ad795db242366d1f818f36/93ffc308-2b47-11f0-bc74-9e278bf1636b_27922286.jpg",
      "categories": [
        "MLÉČNÉ A CHLAZENÉ",
        "JOGURTY A DEZERTY"
      ],
      "prices": [
        {
          "store_name": "Albert",
          "price": null,
          "original_price": null,
          "unit_price": 259.0,
          "unit": "Kg",
          "package_size": "100 g",
          "condition": "Sleva"
        }
      ],
      "description": null
    },
    {
      "name": "Adriana Tradizionale Gobetti Rigati těstoviny",
      "brand": "Adriana",
      "product_url": "https://wolt.com/cs/cze/prague/venue/albert-vinohradska/adriana-tradizionale-gobetti-rigati-testoviny-itemid-64ca0b7cba162577de4899e2",
      "image_url": "https://imageproxy.wolt.com/menu/menu-images/64ffec4406cca0140dfab831/e73b0f76-8ebf-11ee-a654-d61ea9882201_27142882.jpg",
      "categories": [
        "TRVANLIVÉ",
        "TĚSTOVINY A KUSKUS"
      ],
      "prices": [
        {
          "store_name": "Albert",
          "price": 52.9,
          "original_price": null,
          "unit_price": 105.8,
          "unit": "Kg",
          "package_size": "500 g",
          "condition": null
        }
      ],
      "description": null
    },
    {
      "name": "Hami Safari Sušenky od ukončeného 6. měsíce",
      "brand": "Hami",
      "product_url": "https://wolt.com/cs/cze/prague/venue/albert-vinohradska/hami-safari-susenky-od-ukonceneho-6-mesice-itemid-64ca0b7cba162577de489cd6",
      "image_url": "https://imageproxy.wolt.com/menu/menu-images/64ffec4406cca0140dfab831/0b749ae2-8eb1-11ee-adc4-b287692f5450_24187633.jpg",
      "categories": [
        "DÍTĚ",
        "VÝŽIVA"
      ],
      "prices": [
        {
          "store_name": "Albert",
          "price": 49.9,
          "original_price": null,
          "unit_price": 277.22,
          "unit": "Kg",
          "package_size": "180 g",
          "condition": null
        }
      ],
      "description": null
    },
    {
      "name": "Emma Mák mletý",
      "brand": "Emma",
      "product_url": "https://wolt.com/cs/cze/prague/venue/albert-vinohradska/emma-mak-mlety-itemid-64ca0b7cba162577de4883e7",
      "image_url": "https://imageproxy.wolt.com/menu/menu-images/63ad795db242366d1f818f36/9fd85266-d995-11ef-9eb5-7a944e792569_24983082.jpg",
      "categories": [
        "OVOCE A ZELENINA",
        "SUCHÉ PLODY"
      ],
      "prices": [
        {
          "store_name": "Albert",
          "price": 26.9,
          "original_price": null,
          "unit_price": 134.5,
          "unit": "Kg",
          "package_size": "200 g",
          "condition": null
        }
      ],
      "description": null
    },
    {
      "name": "Lučina",
      "brand": "Lučina",
      "product_url": "https://wolt.com/cs/cze/prague/venue/albert-vinohradska/lucina-itemid-64ca0b7cba162577de488499",
      "image_url": "https://imageproxy.wolt.com/menu/menu-images/63ad795db242366d1f818f36/149284be-9d13-11f0-8227-56ec112e8412_22801296.jpg",
      "categories": [
        "MLÉČNÉ A CHLAZENÉ",
        "SÝRY"
      ],
      "prices": [
        {
          "store_name": "Albert",
          "price": 64.9,
          "original_price": null,
          "unit_price": 360.56,
          "unit": "Kg",
          "package_size": "180 g",
          "condition": null
        }
      ],
      "description": null
    },
    {
      "name": "Dixi Kopřivový šampon pro všechny typy vlasů",
      "brand": "Dixi",
      "product_url": "https://wolt.com/cs/cze/prague/venue/albert-vinohradska/dixi-koprivovy-sampon-pro-vsechny-typy-vlasu-itemid-64ca0b7cba162577de488e97",
      "image_url": "https://imageproxy.wolt.com/menu/menu-images/64ffec4406cca0140dfab831/6a626bba-8ebb-11ee-95c1-8e50ebf9f3ec_26770673.jpg",
      "categories": [
        "DROGERIE A KOSMETIKA",
        "PÉČE O VLASY"
      ],
      "prices": [
        {
          "store_name": "Albert",
          "price": 59.9,
          "original_price": null,
          "unit_price": 149.75,
          "unit": "l",
          "package_size": "400 ml",
          "condition": null
        }
      ],
      "description": null
    },
    {
      "name": "Gustona Slunečnicový olej",
      "brand": "Gustona",
      "product_url": "https://wolt.com/cs/cze/prague/venue/albert-vinohradska/gustona-slunecnicovy-olej-itemid-64ca0b7cba162577de4885b7",
      "image_url": "https://imageproxy.wolt.com/menu/menu-images/64ffec4406cca0140dfab831/86d6da8c-8eb2-11ee-8656-e2efa80c37b6_24797436.jpg",
      "categories": [
        "TRVANLIVÉ",
        "OLEJE A OCTY"
      ],
      "prices": [
        {
          "store_name": "Albert",
          "price": 49.9,
          "original_price": null,
          "unit_price": 49.9,
          "unit": "l",
          "package_size": "1 l",
          "condition": null
        }
      ],
      "description": null
    },
    {
      "name": "Perla Čaj s příchutí lesních plodů",
      "brand": "Perla",
      "product_url": "https://wolt.com/cs/cze/prague/venue/albert-vinohradska/perla-caj-s-prichuti-lesnich-plodu-itemid-651c877a7c0093ba387e1988",
      "image_url": "https://imageproxy.wolt.com/menu/menu-images/64ffec4406cca0140dfab831/debbcd4e-8eca-11ee-a937-9e8bf7ebc64c_27791141.jpg",
      "categories": [
        "NÁPOJE",
        "KÁVA A ČAJ"
      ],
      "prices": [
        {
          "store_name": "Albert",
          "price": 29.9,
          "original_price": null,
          "unit_price": 747.5,
          "unit": "Kg",
          "package_size": "40 g",
          "condition": null
        }
      ],
      "description": null
    },
    {
      "name": "Biogena Majestic aloe vera a ostružina",
      "brand": "Biogena",
      "product_url": "https://wolt.com/cs/cze/prague/venue/albert-vinohradska/biogena-majestic-aloe-vera-a-ostruzina-itemid-64ca0b7cba162577de48986c",
      "image_url": "https://imageproxy.wolt.com/menu/menu-images/64ffec4406cca0140dfab831/5221fe0e-8eb5-11ee-a7b9-1627932f216d_25536706.jpg",
      "categories": [
        "NÁPOJE",
        "KÁVA A ČAJ"
      ],
      "prices": [
        {
          "store_name": "Albert",
          "price": 87.9,
          "original_price": null,
          "unit_price": 1758.0,
          "unit": "Kg",
          "package_size": "50 g",
          "condition": null
        }
      ],
      "description": null
    },
    {
      "name": "Kapucín Trvanlivá smetana do kávy",
      "brand": "Kapucín",
      "product_url": "https://wolt.com/cs/cze/prague/venue/albert-vinohradska/kapucin-trvanliva-smetana-do-kavy-itemid-64ca0b7cba162577de489122",
      "image_url": "https://imageproxy.wolt.com/menu/menu-images/64ffec4406cca0140dfab831/ac7d7958-8ead-11ee-bc18-7a8430ea266b_20983901.jpg",
      "categories": [
        "MLÉČNÉ A CHLAZENÉ",
        "SMETANY A ŠLEHAČKY"
      ],
      "prices": [
        {
          "store_name": "Albert",
          "price": 19.9,
          "original_price": null,
          "unit_price": 199.0,
          "unit": "Kg",
          "package_size": "100 g",
          "condition": null
        }
      ],
      "description": null
    },
    {
      "name": "Hamé Májka lahůdkový vepřový krém",
      "brand": "Hamé",
      "product_url": "https://wolt.com/cs/cze/prague/venue/albert-vinohradska/hame-majka-lahudkovy-veprovy-krem-itemid-64ca0b7cba162577de488b37",
      "image_url": "https://imageproxy.wolt.com/menu/menu-images/64ffec4406cca0140dfab831/778510cc-8eac-11ee-81ba-96106fe39af5_20307905.jpg",
      "categories": [
        "TRVANLIVÉ",
        "KONZERVOVANÉ POTR."
      ],
      "prices": [
        {
          "store_name": "Albert",
          "price": null,
          "original_price": null,
          "unit_price": 206.25,
          "unit": "Kg",
          "package_size": "48 g",
          "condition": "Sleva"
        }
      ],
      "description": null
    },
    {
      "name": "Aquila První voda neperlivá kojenecká",
      "brand": "Aquila",
      "product_url": "https://wolt.com/cs/cze/prague/venue/albert-vinohradska/aquila-prvni-voda-neperliva-kojenecka-itemid-64ca0b7cba162577de4880e7",
      "image_url": "https://imageproxy.wolt.com/menu/menu-images/64ffec4406cca0140dfab831/40c1f086-8ead-11ee-b20f-f2309c23f2b6_20717360.jpg",
      "categories": [
        "NÁPOJE",
        "VODY A MINERÁLKY"
      ],
      "prices": [
        {
          "store_name": "Albert",
          "price": 17.9,
          "original_price": null,
          "unit_price": 11.93,
          "unit": "l",
          "package_size": "1,5 l",
          "condition": null
        }
      ],
      "description": null
    },
    {
      "name": "Dr. Oetker Krémová náplň",
      "brand": "Dr. Oetker",
      "product_url": "https://wolt.com/cs/cze/prague/venue/albert-vinohradska/dr-oetker-kremova-napln-itemid-6601ea05a800569032b445e0",
      "image_url": "https://imageproxy.wolt.com/menu/menu-images/63ad795db242366d1f818f36/eead0db8-a8e9-11f0-b488-0642014fd71d_21173127.jpg",
      "categories": [
        "TRVANLIVÉ",
        "PEČENÍ A VAŘENÍ"
      ],
      "prices": [
        {
          "store_name": "Albert",
          "price": 39.9,
          "original_price": null,
          "unit_price": 498.75,
          "unit": "Kg",
          "package_size": "80 g",
          "condition": null
        }
      ],
      "description": null
    },
    {
      "name": "Nutrilon Advanced 4, 24-35 měsíců",
      "brand": "Nutrilon",
      "product_url": "https://wolt.com/cs/cze/prague/venue/albert-vinohradska/nutrilon-advanced-4-24-35-mesicu-itemid-64ca0b7cba162577de489bc6",
      "image_url": "https://imageproxy.wolt.com/menu/menu-images/64ffec4406cca0140dfab831/ef635534-8eb3-11ee-8046-ca3c3355ab39_25206531.jpg",
      "categories": [
        "DÍTĚ",
        "VÝŽIVA"
      ],
      "prices": [
        {
          "store_name": "Albert",
          "price": null,
          "original_price": null,
          "unit_price": 497.5,
          "unit": "Kg",
          "package_size": "800 g",
          "condition": "Sleva"
        }
      ],
      "description": null
    },
    {
      "name": "Isabel Tuňák v slunečnicovém oleji",
      "brand": "Isabel",
      "product_url": "https://wolt.com/cs/cze/prague/venue/albert-vinohradska/isabel-tunak-v-slunecnicovem-oleji-itemid-657233256818b938df948560",
      "image_url": "https://imageproxy.wolt.com/menu/menu-images/63ad795db242366d1f818f36/ebcd3076-ed43-11ef-aeae-ea86c9b52765_25928488.jpg",
      "categories": [
        "TRVANLIVÉ",
        "KONZERVOVANÉ POTR."
      ],
      "prices": [
        {
          "store_name": "Albert",
          "price": 135.9,
          "original_price": null,
          "unit_price": 871.15,
          "unit": "Kg",
          "package_size": "156 g",
          "condition": null
        }
      ],
      "description": null
    },
    {
      "name": "Albert Excellent Tapas Grilované artyčoky",
      "brand": "Albert Excellent",
      "product_url": "https://wolt.com/cs/cze/prague/venue/albert-vinohradska/albert-excellent-tapas-grilovane-artycoky-itemid-64ca0b7cba162577de489af0",
      "image_url": "https://imageproxy.wolt.com/menu/menu-images/63ad795db242366d1f818f36/99e92b5a-8e26-11f0-9b38-a622633b4b9a_27702338.jpg",
      "categories": [
        "UZENINY A LAHŮDKY",
        "TAPAS"
      ],
      "prices": [
        {
          "store_name": "Albert",
          "price": 69.0,
          "original_price": null,
          "unit_price": 690.0,
          "unit": "Kg",
          "package_size": "100 g",
          "condition": null
        }
      ],
      "description": null
    },
    {
      "name": "Felix Soup Original treska, tuňák, platýs",
      "brand": "Felix",
      "product_url": "https://wolt.com/cs/cze/prague/venue/albert-vinohradska/felix-soup-original-treska-tunak-platys-itemid-657233256818b938df9482b6",
      "image_url": "https://imageproxy.wolt.com/menu/menu-images/64ffec4406cca0140dfab831/c9034692-8ec2-11ee-a2c2-5e8cfe3fa30b_27324349.jpg",
      "categories": [
        "ZVÍŘATA",
        "KOČKY"
      ],
      "prices": [
        {
          "store_name": "Albert",
          "price": 53.9,
          "original_price": null,
          "unit_price": 187.15,
          "unit": "Kg",
          "package_size": "288 g",
          "condition": null
        }
      ],
      "description": null
    },
    {
      "name": "Don Peppe Bramborové šišky s makovou náplní",
      "brand": "Don",
      "product_url": "https://wolt.com/cs/cze/prague/venue/albert-vinohradska/don-peppe-bramborove-sisky-s-makovou-naplni-itemid-6876153a0c6218e9f3e5f468",
      "image_url": "https://imageproxy.wolt.com/menu/menu-images/64b62ec5e5ab70cdc92e30f0/1e61d7b8-616f-11f0-9954-d6e74adaee86_27622384.jpg",
      "categories": [
        "MRAŽENÉ POTRAVINY",
        "MRAŽENÁ PIZZA A HOTOVÁ JÍDLA"
      ],
      "prices": [
        {
          "store_name": "Albert",
          "price": 67.9,
          "original_price": null,
          "unit_price": 135.8,
          "unit": "Kg",
          "package_size": "500 g",
          "condition": null
        }
      ],
      "description": null
    },
    {
      "name": "Bertold 11 světlý ležák",
      "brand": "Bertold",
      "product_url": "https://wolt.com/cs/cze/prague/venue/albert-vinohradska/bertold-11-svetly-lezak-itemid-64ca0b7cba162577de488b8d",
      "image_url": "https://imageproxy.wolt.com/menu/menu-images/63ad795db242366d1f818f36/80421a6e-bbe4-11ef-a815-22ab3a50b5d1_24954129.jpg",
      "categories": [
        "NÁPOJE",
        "PIVA"
      ],
      "prices": [
        {
          "store_name": "Albert",
          "price": 16.9,
          "original_price": null,
          "unit_price": 33.8,
          "unit": "l",
          "package_size": "500 ml, 4,6% alc",
          "condition": "18+"
        }
      ],
      "description": null
    },
    {
      "name": "Hovězí zadní kýta bez kosti",
      "brand": "Hovězí",
      "product_url": "https://wolt.com/cs/cze/prague/venue/albert-vinohradska/hovezi-zadni-kyta-bez-kosti-itemid-64ca0b7cba162577de488b8b",
      "image_url": "https://imageproxy.wolt.com/menu/menu-images/63ad795db242366d1f818f36/7bc9f640-998b-11ee-b6b1-b22abb3fbbc2_22839824.jpg",
      "categories": [
        "MASO A RYBY",
        "HOVĚZÍ A TELECÍ"
      ],
      "prices": [
        {
          "store_name": "Albert",
          "price": 276.75,
          "original_price": null,
          "unit_price": null,
          "unit": null,
          "package_size": null,
          "condition": null
        }
      ],
      "description": null
    },
    {
      "name": "Bohemia Sekt Prestige Demi Sec",
      "brand": "Bohemia",
      "product_url": "https://wolt.com/cs/cze/prague/venue/albert-vinohradska/bohemia-sekt-prestige-demi-sec-itemid-64ca0b7cba162577de489e8e",
      "image_url": "https://imageproxy.wolt.com/menu/menu-images/64ffec4406cca0140dfab831/f37362be-8eb2-11ee-ae28-36180384687e_24926317.jpg",
      "categories": [
        "NÁPOJE",
        "VÍNA"
      ],
      "prices": [
        {
          "store_name": "Albert",
          "price": 299.0,
          "original_price": null,
          "unit_price": 398.67,
          "unit": "l",
          "package_size": "750 ml, 12,5% alc",
          "condition": "18+"
        }
      ],
      "description": null
    },
    {
      "name": "Gustona Jahody celé",
      "brand": "Gustona",
      "product_url": "https://wolt.com/cs/cze/prague/venue/albert-vinohradska/gustona-jahody-cele-itemid-64ca0b7cba162577de488a09",
      "image_url": "https://imageproxy.wolt.com/menu/menu-images/63ad795db242366d1f818f36/09b9a9ee-7826-11f0-9972-beba87f0e7db_24778374.jpg",
      "categories": [
        "TRVANLIVÉ",
        "KONZERVOVANÉ POTR."
      ],
      "prices": [
        {
          "store_name": "Albert",
          "price": 33.9,
          "original_price": null,
          "unit_price": 211.88,
          "unit": "Kg",
          "package_size": "160 g",
          "condition": null
        }
      ],
      "description": null
    },
    {
      "name": "Nature’s Promise Směs na pečení univerzální",
      "brand": "Nature’s",
      "product_url": "https://wolt.com/cs/cze/prague/venue/albert-vinohradska/nature-s-promise-smes-na-peceni-univerzalni-itemid-66020cf596e2568efa858d36",
      "image_url": "https://imageproxy.wolt.com/menu/menu-images/6601c613e48d1c8d95333085/444abbc2-eae5-11ee-900e-121690ac152c_27821893.jpg",
      "categories": [
        "TRVANLIVÉ",
        "PEČENÍ A VAŘENÍ"
      ],
      "prices": [
        {
          "store_name": "Albert",
          "price": null,
          "original_price": null,
          "unit_price": 77.8,
          "unit": "Kg",
          "package_size": "500 g",
          "condition": "Sleva"
        }
      ],
      "description": null
    },
    {
      "name": "Nature's Promise Bio Baby Pyré jablko a hruška",
      "brand": "Nature's Promise",
      "product_url": "https://wolt.com/cs/cze/prague/venue/albert-vinohradska/nature-s-promise-bio-baby-pyre-jablko-a-hruska-itemid-64ca0b7cba162577de488da5",
      "image_url": "https://imageproxy.wolt.com/menu/menu-images/64ffec4406cca0140dfab831/6dd143c2-8ebe-11ee-8940-3ac809dc7454_27029541.jpg",
      "categories": [
        "DÍTĚ",
        "VÝŽIVA"
      ],
      "prices": [
        {
          "store_name": "Albert",
          "price": 21.9,
          "original_price": null,
          "unit_price": 115.26,
          "unit": "Kg",
          "package_size": "190 g",
          "condition": null
        }
      ],
      "description": null
    },
    {
      "name": "Albert Zelný salát s červenou řepou",
      "brand": "Albert",
      "product_url": "https://wolt.com/cs/cze/prague/venue/albert-vinohradska/albert-zelny-salat-s-cervenou-repou-itemid-64ca0b7cba162577de4888f5",
      "image_url": "https://imageproxy.wolt.com/menu/menu-images/64ffec4406cca0140dfab831/4465b50e-8ec3-11ee-8ba7-222205837f4e_27369746.jpg",
      "categories": [
        "OVOCE A ZELENINA",
        "HOTOVÉ SALÁTY"
      ],
      "prices": [
        {
          "store_name": "Albert",
          "price": 32.9,
          "original_price": null,
          "unit_price": 94.0,
          "unit": "Kg",
          "package_size": "350 g",
          "condition": null
        }
      ],
      "description": null
    },
    {
      "name": "Croissant sýrový",
      "brand": null,
      "product_url": "https://wolt.com/cs/cze/prague/venue/albert-vinohradska/croissant-syrovy-itemid-64ca0b7cba162577de488649",
      "image_url": "https://imageproxy.wolt.com/menu/menu-images/64ffec4406cca0140dfab831/20f1c46a-8eae-11ee-abca-c27bf70975f2_21852039.jpg",
      "categories": [
        "PEKÁRNA A CUKRÁRNA",
        "SLANÉ PEČIVO VOLNÉ"
      ],
      "prices": [
        {
          "store_name": "Albert",
          "price": 14.9,
          "original_price": null,
          "unit_price": 298.0,
          "unit": "Kg",
          "package_size": "50 g",
          "condition": null
        }
      ],
      "description": null
    },
    {
      "name": "Alpro Sójový nápoj s banánovou příchutí",
      "brand": "Alpro",
      "product_url": "https://wolt.com/cs/cze/prague/venue/albert-vinohradska/alpro-sojovy-napoj-s-bananovou-prichuti-itemid-64ca0b7cba162577de4888cd",
      "image_url": "https://imageproxy.wolt.com/menu/menu-images/64ffec4406cca0140dfab831/3eacf594-8eb6-11ee-a1ed-b6077702759d_25730722.jpg",
      "categories": [
        "MLÉČNÉ A CHLAZENÉ",
        "ROSTLINNÉ PRODUKTY"
      ],
      "prices": [
        {
          "store_name": "Albert",
          "price": 35.9,
          "original_price": null,
          "unit_price": 143.6,
          "unit": "l",
          "package_size": "250 ml",
          "condition": null
        }
      ],
      "description": null
    },
    {
      "name": "Mirinda pomeranč",
      "brand": "Mirinda",
      "product_url": "https://wolt.com/cs/cze/prague/venue/albert-vinohradska/mirinda-pomeranc-itemid-64ca0b7cba162577de48810d",
      "image_url": "https://imageproxy.wolt.com/menu/menu-images/63ad795db242366d1f818f36/19e9e7e8-7826-11f0-8775-623251b3f96f_25527810.jpg",
      "categories": [
        "NÁPOJE",
        "LIMONÁDY"
      ],
      "prices": [
        {
          "store_name": "Albert",
          "price": 38.9,
          "original_price": null,
          "unit_price": 25.93,
          "unit": "l",
          "package_size": "1,5 l",
          "condition": null
        }
      ],
      "description": null
    },
    {
      "name": "Albert Excellent Tapas Tarama treščí jikry",
      "brand": "Albert Excellent",
      "product_url": "https://wolt.com/cs/cze/prague/venue/albert-vinohradska/albert-excellent-tapas-tarama-tresci-jikry-itemid-66022762a759a53730481295",
      "image_url": "https://imageproxy.wolt.com/menu/menu-images/63ad795db242366d1f818f36/ae12c134-be3e-11f0-ba6a-1a96c7060dd6_27643761.jpg",
      "categories": [
        "UZENINY A LAHŮDKY",
        "TAPAS"
      ],
      "prices": [
        {
          "store_name": "Albert",
          "price": 69.0,
          "original_price": null,
          "unit_price": 460.0,
          "unit": "Kg",
          "package_size": "150 g",
          "condition": null
        }
      ],
      "description": null
    },
    {
      "name": "Nescafé Gold Crema instantní káva",
      "brand": "Nescafé",
      "product_url": "https://wolt.com/cs/cze/prague/venue/albert-vinohradska/nescafe-gold-crema-instantni-kava-itemid-64ca0b7cba162577de489d3b",
      "image_url": "https://imageproxy.wolt.com/menu/menu-images/63ad795db242366d1f818f36/27b0e97e-d671-11ee-94f0-f211c001c5ca_25588453.jpg",
      "categories": [
        "NÁPOJE",
        "KÁVA A ČAJ"
      ],
      "prices": [
        {
          "store_name": "Albert",
          "price": 319.0,
          "original_price": null,
          "unit_price": 1595.0,
          "unit": "Kg",
          "package_size": "200 g",
          "condition": null
        }
      ],
      "description": null
    },
    {
      "name": "Nescafé Dolce Gusto Latte Macchiato kapsle",
      "brand": "Nescafé",
      "product_url": "https://wolt.com/cs/cze/prague/venue/albert-vinohradska/nescafe-dolce-gusto-latte-macchiato-kapsle-itemid-681b5abffcbd67bf7a8f4b56",
      "image_url": "https://imageproxy.wolt.com/menu/menu-images/63ad795db242366d1f818f36/05173e3c-2b47-11f0-99b7-8e69e3a87c8a_24543040.jpg",
      "categories": [
        "NÁPOJE",
        "KÁVA A ČAJ"
      ],
      "prices": [
        {
          "store_name": "Albert",
          "price": 149.9,
          "original_price": null,
          "unit_price": 9.37,
          "unit": "ks",
          "package_size": "‪16‬ kusů",
          "condition": null
        }
      ],
      "description": null
    },
    {
      "name": "Šnek Bob Jablečné rolky",
      "brand": null,
      "product_url": "https://wolt.com/cs/cze/prague/venue/albert-vinohradska/snek-bob-jablecne-rolky-itemid-657233256818b938df9478aa",
      "image_url": "https://imageproxy.wolt.com/menu/menu-images/63ad795db242366d1f818f36/d3f0ade2-7827-11f0-bd02-a6c45597399a_27165355.jpg",
      "categories": [
        "TRVANLIVÉ",
        "SLADKOSTI"
      ],
      "prices": [
        {
          "store_name": "Albert",
          "price": 34.9,
          "original_price": null,
          "unit_price": 1163.33,
          "unit": "Kg",
          "package_size": "30 g",
          "condition": null
        }
      ],
      "description": null
    },
    {
      "name": "Panzani Linguine",
      "brand": "Panzani",
      "product_url": "https://wolt.com/cs/cze/prague/venue/albert-vinohradska/panzani-linguine-itemid-64ca0b7cba162577de489674",
      "image_url": "https://imageproxy.wolt.com/menu/menu-images/64ffec4406cca0140dfab831/1c9464a6-8eb1-11ee-bf6d-16e6bf59122a_24209458.jpg",
      "categories": [
        "TRVANLIVÉ",
        "TĚSTOVINY A KUSKUS"
      ],
      "prices": [
        {
          "store_name": "Albert",
          "price": 37.9,
          "original_price": null,
          "unit_price": 75.8,
          "unit": "Kg",
          "package_size": "500 g",
          "condition": null
        }
      ],
      "description": null
    },
    {
      "name": "Kiri Křup Tavený sýr s tyčinkami",
      "brand": "Kiri",
      "product_url": "https://wolt.com/cs/cze/prague/venue/albert-vinohradska/kiri-krup-taveny-syr-s-tycinkami-itemid-64ca0b7cba162577de48967a",
      "image_url": "https://imageproxy.wolt.com/menu/menu-images/63ad795db242366d1f818f36/fbe1f722-7825-11f0-8f32-727f19146729_23583511.jpg",
      "categories": [
        "MLÉČNÉ A CHLAZENÉ",
        "SÝRY"
      ],
      "prices": [
        {
          "store_name": "Albert",
          "price": null,
          "original_price": null,
          "unit_price": 482.86,
          "unit": "Kg",
          "package_size": "35 g",
          "condition": "Sleva"
        }
      ],
      "description": null
    },
    {
      "name": "Česká chuť Bio mléko čerstvé plnotučné 4%",
      "brand": "Česká chuť",
      "product_url": "https://wolt.com/cs/cze/prague/venue/albert-vinohradska/ceska-chut-bio-mleko-cerstve-plnotucne-4-itemid-64ca0b7cba162577de48905a",
      "image_url": "https://imageproxy.wolt.com/menu/menu-images/64ffec4406cca0140dfab831/17a3e4a2-8ec6-11ee-83fb-9a1f6ae41663_27598955.jpg",
      "categories": [
        "MLÉČNÉ A CHLAZENÉ",
        "MLÉČNÉ NÁPOJE"
      ],
      "prices": [
        {
          "store_name": "Albert",
          "price": null,
          "original_price": null,
          "unit_price": 27.9,
          "unit": "l",
          "package_size": "1 l",
          "condition": "Sleva"
        }
      ],
      "description": null
    },
    {
      "name": "Relax mandarinka a pomeranč s dužinou",
      "brand": "Relax",
      "product_url": "https://wolt.com/cs/cze/prague/venue/albert-vinohradska/relax-mandarinka-a-pomeranc-s-duzinou-itemid-657233256818b938df948a7b",
      "image_url": "https://imageproxy.wolt.com/menu/menu-images/64ffec4406cca0140dfab831/e40a5c72-8eb4-11ee-a3ec-865f2970631c_25448344.jpg",
      "categories": [
        "NÁPOJE",
        "DŽUSY A NEKTARY"
      ],
      "prices": [
        {
          "store_name": "Albert",
          "price": 37.9,
          "original_price": null,
          "unit_price": 37.9,
          "unit": "l",
          "package_size": "1 l",
          "condition": null
        }
      ],
      "description": null
    },
    {
      "name": "Bohemia Chips čočkové zakysaná smetana a cibule",
      "brand": "Bohemia",
      "product_url": "https://wolt.com/cs/cze/prague/venue/albert-vinohradska/bohemia-chips-cockove-zakysana-smetana-a-cibule-itemid-64ca0b7cba162577de489359",
      "image_url": "https://imageproxy.wolt.com/menu/menu-images/64ffec4406cca0140dfab831/d4c7198c-8ec6-11ee-beca-bed13653e197_27625392.jpg",
      "categories": [
        "TRVANLIVÉ",
        "SLANÉ"
      ],
      "prices": [
        {
          "store_name": "Albert",
          "price": 34.9,
          "original_price": null,
          "unit_price": 536.92,
          "unit": "Kg",
          "package_size": "65 g",
          "condition": null
        }
      ],
      "description": null
    },
    {
      "name": "Teekanne Průdušky a plíce bylinná směs",
      "brand": "Teekanne",
      "product_url": "https://wolt.com/cs/cze/prague/venue/albert-vinohradska/teekanne-prudusky-a-plice-bylinna-smes-itemid-64ca0b7cba162577de488a71",
      "image_url": "https://imageproxy.wolt.com/menu/menu-images/64ffec4406cca0140dfab831/29fb5e50-8ead-11ee-b41a-9a472ccb949a_20679842.jpg",
      "categories": [
        "NÁPOJE",
        "KÁVA A ČAJ"
      ],
      "prices": [
        {
          "store_name": "Albert",
          "price": 47.9,
          "original_price": null,
          "unit_price": 2395.0,
          "unit": "Kg",
          "package_size": "20 g",
          "condition": null
        }
      ],
      "description": null
    },
    {
      "name": "Racio Cornies Kukuřičné s hořkou čokoládou",
      "brand": "Racio",
      "product_url": "https://wolt.com/cs/cze/prague/venue/albert-vinohradska/racio-cornies-kukuricne-s-horkou-cokoladou-itemid-64ca0b7cba162577de489906",
      "image_url": "https://imageproxy.wolt.com/menu/menu-images/64ffec4406cca0140dfab831/cb43fedc-8eb4-11ee-b462-f6f59196df47_25428018.jpg",
      "categories": [
        "PEKÁRNA A CUKRÁRNA",
        "RACIO A KNÄCKEBROT"
      ],
      "prices": [
        {
          "store_name": "Albert",
          "price": 29.9,
          "original_price": null,
          "unit_price": 398.67,
          "unit": "Kg",
          "package_size": "75 g",
          "condition": null
        }
      ],
      "description": null
    },
    {
      "name": "Franz Josef Kaiser Olivy plněné sýrovou pastou",
      "brand": "Franz Josef Kaiser",
      "product_url": "https://wolt.com/cs/cze/prague/venue/albert-vinohradska/franz-josef-kaiser-olivy-plnene-syrovou-pastou-itemid-64ca0b7cba162577de489e86",
      "image_url": "https://imageproxy.wolt.com/menu/menu-images/64ffec4406cca0140dfab831/a2f62020-8eb1-11ee-851d-224a9e8cb6c6_24442862.jpg",
      "categories": [
        "TRVANLIVÉ",
        "KONZERVOVANÉ POTR."
      ],
      "prices": [
        {
          "store_name": "Albert",
          "price": 54.9,
          "original_price": null,
          "unit_price": 422.31,
          "unit": "Kg",
          "package_size": "130 g",
          "condition": null
        }
      ],
      "description": null
    },
    {
      "name": "Emma Knäckebrot žitný",
      "brand": "Emma",
      "product_url": "https://wolt.com/cs/cze/prague/venue/albert-vinohradska/emma-knackebrot-zitny-itemid-64ca0b7cba162577de4883ef",
      "image_url": "https://imageproxy.wolt.com/menu/menu-images/63ad795db242366d1f818f36/08aa7f6a-7a84-11ef-a820-e2f963ec0e54_24986472.jpg",
      "categories": [
        "PEKÁRNA A CUKRÁRNA",
        "RACIO A KNÄCKEBROT"
      ],
      "prices": [
        {
          "store_name": "Albert",
          "price": 37.9,
          "original_price": null,
          "unit_price": 151.6,
          "unit": "Kg",
          "package_size": "250 g",
          "condition": null
        }
      ],
      "description": null
    },
    {
      "name": "Vrbátky Cukr kostky",
      "brand": "Vrbátky",
      "product_url": "https://wolt.com/cs/cze/prague/venue/albert-vinohradska/vrbatky-cukr-kostky-itemid-64ca0b7cba162577de489d9c",
      "image_url": "https://imageproxy.wolt.com/menu/menu-images/64ffec4406cca0140dfab831/92629d76-8eaf-11ee-95bd-f2309c23f2b6_23375291.jpg",
      "categories": [
        "TRVANLIVÉ",
        "PEČENÍ A VAŘENÍ"
      ],
      "prices": [
        {
          "store_name": "Albert",
          "price": 39.9,
          "original_price": null,
          "unit_price": 39.9,
          "unit": "Kg",
          "package_size": "1 kg",
          "condition": null
        }
      ],
      "description": null
    },
    {
      "name": "Giana Šproty uzené v oleji",
      "brand": "Giana",
      "product_url": "https://wolt.com/cs/cze/prague/venue/albert-vinohradska/giana-sproty-uzene-v-oleji-itemid-64ca0b7cba162577de489c7b",
      "image_url": "https://imageproxy.wolt.com/menu/menu-images/64ffec4406cca0140dfab831/498ca02a-8eae-11ee-857e-c27bf70975f2_22092038.jpg",
      "categories": [
        "TRVANLIVÉ",
        "KONZERVOVANÉ POTR."
      ],
      "prices": [
        {
          "store_name": "Albert",
          "price": 64.9,
          "original_price": null,
          "unit_price": 579.46,
          "unit": "Kg",
          "package_size": "112 g",
          "condition": null
        }
      ],
      "description": null
    },
    {
      "name": "Olma Míšánek jahoda",
      "brand": "Olma",
      "product_url": "https://wolt.com/cs/cze/prague/venue/albert-vinohradska/olma-misanek-jahoda-itemid-64ca0b7cba162577de489551",
      "image_url": "https://imageproxy.wolt.com/menu/menu-images/64ffec4406cca0140dfab831/cacc4ae6-8ec7-11ee-8d6a-3ef4a229de2c_27680667.jpg",
      "categories": [
        "MLÉČNÉ A CHLAZENÉ",
        "JOGURTY A DEZERTY"
      ],
      "prices": [
        {
          "store_name": "Albert",
          "price": 12.9,
          "original_price": null,
          "unit_price": 143.33,
          "unit": "Kg",
          "package_size": "90 g",
          "condition": null
        }
      ],
      "description": null
    },
    {
      "name": "Emma Arašídy v čokoládě slaný karamel",
      "brand": "Emma",
      "product_url": "https://wolt.com/cs/cze/prague/venue/albert-vinohradska/emma-arasidy-v-cokolade-slany-karamel-itemid-64ca0b7cba162577de489ae4",
      "image_url": "https://imageproxy.wolt.com/menu/menu-images/63ad795db242366d1f818f36/34881264-765b-11ef-b3d9-a67668f6732a_27209417.jpg",
      "categories": [
        "OVOCE A ZELENINA",
        "SUCHÉ PLODY"
      ],
      "prices": [
        {
          "store_name": "Albert",
          "price": 59.9,
          "original_price": null,
          "unit_price": 399.33,
          "unit": "Kg",
          "package_size": "150 g",
          "condition": null
        }
      ],
      "description": null
    },
    {
      "name": "Purina One Sterilcat Kapsičky krůta a losos",
      "brand": "Purina",
      "product_url": "https://wolt.com/cs/cze/prague/venue/albert-vinohradska/purina-one-sterilcat-kapsicky-kruta-a-losos-itemid-64ca0b7cba162577de489270",
      "image_url": "https://imageproxy.wolt.com/menu/menu-images/64ffec4406cca0140dfab831/4b33a4d2-8ec2-11ee-af77-8a641e6c096e_27293317.jpg",
      "categories": [
        "ZVÍŘATA",
        "KOČKY"
      ],
      "prices": [
        {
          "store_name": "Albert",
          "price": 64.9,
          "original_price": null,
          "unit_price": 190.88,
          "unit": "Kg",
          "package_size": "340 g",
          "condition": null
        }
      ],
      "description": null
    },
    {
      "name": "Rama Crema 31% na šlehání",
      "brand": "Rama",
      "product_url": "https://wolt.com/cs/cze/prague/venue/albert-vinohradska/rama-crema-31-na-slehani-itemid-64ca0b7cba162577de48a557",
      "image_url": "https://imageproxy.wolt.com/menu/menu-images/64ffec4406cca0140dfab831/9d8fffc6-8ec9-11ee-802d-768b824ebd6b_27751213.jpg",
      "categories": [
        "MLÉČNÉ A CHLAZENÉ",
        "ROSTLINNÉ PRODUKTY"
      ],
      "prices": [
        {
          "store_name": "Albert",
          "price": 39.9,
          "original_price": null,
          "unit_price": 199.5,
          "unit": "l",
          "package_size": "200 ml",
          "condition": null
        }
      ],
      "description": null
    },
    {
      "name": "Domestos Extended Power Atlantic",
      "brand": "Domestos",
      "product_url": "https://wolt.com/cs/cze/prague/venue/albert-vinohradska/domestos-extended-power-atlantic-itemid-64ca0b7cba162577de4894ca",
      "image_url": "https://imageproxy.wolt.com/menu/menu-images/64ffec4406cca0140dfab831/72e0c65c-8eb0-11ee-b657-16e6bf59122a_23817944.jpg",
      "categories": [
        "DROGERIE A KOSMETIKA",
        "ČISTÍCÍ PROSTŘEDKY"
      ],
      "prices": [
        {
          "store_name": "Albert",
          "price": 39.9,
          "original_price": null,
          "unit_price": 53.2,
          "unit": "l",
          "package_size": "750 ml",
          "condition": "Věkové omezení"
        }
      ],
      "description": null
    },
    {
      "name": "Teekanne Ovocný čaj Ginger and Lemon",
      "brand": "Teekanne",
      "product_url": "https://wolt.com/cs/cze/prague/venue/albert-vinohradska/teekanne-ovocny-caj-ginger-and-lemon-itemid-64ca0b7cba162577de489a0d",
      "image_url": "https://imageproxy.wolt.com/menu/menu-images/64ffec4406cca0140dfab831/4aa8b9b0-8eb5-11ee-b76f-96ff514b0205_25535341.jpg",
      "categories": [
        "NÁPOJE",
        "KÁVA A ČAJ"
      ],
      "prices": [
        {
          "store_name": "Albert",
          "price": 44.9,
          "original_price": null,
          "unit_price": 1282.86,
          "unit": "Kg",
          "package_size": "35 g",
          "condition": "Vyprodáno"
        }
      ],
      "description": null
    },
    {
      "name": "Nature's Promise Eco Žlučové mýdlo",
      "brand": "Nature's Promise",
      "product_url": "https://wolt.com/cs/cze/prague/venue/albert-vinohradska/nature-s-promise-eco-zlucove-mydlo-itemid-64ca0b7cba162577de4893d3",
      "image_url": "https://imageproxy.wolt.com/menu/menu-images/63ad795db242366d1f818f36/8e2b4bd8-cca1-11ee-9740-9ac03e73d9fe_27736333.jpg",
      "categories": [
        "DROGERIE A KOSMETIKA",
        "PRACÍ PROSTŘEDKY"
      ],
      "prices": [
        {
          "store_name": "Albert",
          "price": null,
          "original_price": null,
          "unit_price": 306.43,
          "unit": "Kg",
          "package_size": "140 g",
          "condition": "Sleva"
        }
      ],
      "description": null
    },
    {
      "name": "Boneco Majonéza sáček",
      "brand": "Boneco",
      "product_url": "https://wolt.com/cs/cze/prague/venue/albert-vinohradska/boneco-majoneza-sacek-itemid-64ca0b7cba162577de48973a",
      "image_url": "https://imageproxy.wolt.com/menu/menu-images/63ad795db242366d1f818f36/4fccc71c-e818-11ee-99ca-96de309638ab_25641974.jpg",
      "categories": [
        "MLÉČNÉ A CHLAZENÉ",
        "MAJONÉZY A TATARKY"
      ],
      "prices": [
        {
          "store_name": "Albert",
          "price": 18.9,
          "original_price": null,
          "unit_price": 189.0,
          "unit": "l",
          "package_size": "100 ml",
          "condition": null
        }
      ],
      "description": null
    },
    {
      "name": "Hartmann Cosmos Náplast klasická",
      "brand": "Hartmann",
      "product_url": "https://wolt.com/cs/cze/prague/venue/albert-vinohradska/hartmann-cosmos-naplast-klasicka-itemid-64ca0b7cba162577de48900c",
      "image_url": "https://imageproxy.wolt.com/menu/menu-images/64ffec4406cca0140dfab831/5ffbfdac-8ebc-11ee-9894-be2d1bdd5ebf_26840369.jpg",
      "categories": [
        "DROGERIE A KOSMETIKA",
        "ZDRAVÍ"
      ],
      "prices": [
        {
          "store_name": "Albert",
          "price": 39.9,
          "original_price": null,
          "unit_price": 39.9,
          "unit": "ks",
          "package_size": "‪1‬ kus",
          "condition": null
        }
      ],
      "description": null
    },
    {
      "name": "Česká chuť Selská šunka nejvyšší jakosti",
      "brand": "Česká chuť",
      "product_url": "https://wolt.com/cs/cze/prague/venue/albert-vinohradska/ceska-chut-selska-sunka-nejvyssi-jakosti-itemid-657233256818b938df947840",
      "image_url": "https://imageproxy.wolt.com/menu/menu-images/64ffec4406cca0140dfab831/ed9b9142-8ec4-11ee-9644-a6924885d1bf_27511213.jpg",
      "categories": [
        "UZENINY A LAHŮDKY",
        "ŠUNKY A SLANINY"
      ],
      "prices": [
        {
          "store_name": "Albert",
          "price": 44.9,
          "original_price": null,
          "unit_price": 449.0,
          "unit": "Kg",
          "package_size": "100 g",
          "condition": null
        }
      ],
      "description": null
    },
    {
      "name": "Nescafé Dolce Gusto Barista kapsle",
      "brand": "Nescafé",
      "product_url": "https://wolt.com/cs/cze/prague/venue/albert-vinohradska/nescafe-dolce-gusto-barista-kapsle-itemid-64ca0b7cba162577de48872d",
      "image_url": "https://imageproxy.wolt.com/menu/menu-images/64ffec4406cca0140dfab831/f46d8954-8eb4-11ee-8825-8e50ebf9f3ec_25458060.jpg",
      "categories": [
        "NÁPOJE",
        "KÁVA A ČAJ"
      ],
      "prices": [
        {
          "store_name": "Albert",
          "price": 149.9,
          "original_price": null,
          "unit_price": 9.37,
          "unit": "ks",
          "package_size": "‪16‬ kusů",
          "condition": null
        }
      ],
      "description": null
    },
    {
      "name": "Rio Mare Natura Tuňák ve vlastní šťávě",
      "brand": "Rio Mare",
      "product_url": "https://wolt.com/cs/cze/prague/venue/albert-vinohradska/rio-mare-natura-tunak-ve-vlastni-stave-itemid-657233256818b938df947c68",
      "image_url": "https://imageproxy.wolt.com/menu/menu-images/64ffec4406cca0140dfab831/a1ff9492-8ebd-11ee-8543-a28724a7b713_26955476.jpg",
      "categories": [
        "TRVANLIVÉ",
        "KONZERVOVANÉ POTR."
      ],
      "prices": [
        {
          "store_name": "Albert",
          "price": 209.0,
          "original_price": null,
          "unit_price": 1244.05,
          "unit": "Kg",
          "package_size": "168 g",
          "condition": null
        }
      ],
      "description": null
    },
    {
      "name": "Fantasy Cabernet Sauvignon",
      "brand": "Fantasy",
      "product_url": "https://wolt.com/cs/cze/prague/venue/albert-vinohradska/fantasy-cabernet-sauvignon-itemid-681b5abffcbd67bf7a8f4ae4",
      "image_url": "https://imageproxy.wolt.com/menu/menu-images/63ad795db242366d1f818f36/1206f9a2-2b47-11f0-8178-b60ecab990a4_25921687.jpg",
      "categories": [
        "NÁPOJE",
        "VÍNA"
      ],
      "prices": [
        {
          "store_name": "Albert",
          "price": null,
          "original_price": null,
          "unit_price": 79.9,
          "unit": "l",
          "package_size": "1 l, 12% alc",
          "condition": "Sleva, 18+"
        }
      ],
      "description": null
    },
    {
      "name": "Opavia Fidorka v bílé čokoládě",
      "brand": "Opavia",
      "product_url": "https://wolt.com/cs/cze/prague/venue/albert-vinohradska/opavia-fidorka-v-bile-cokolade-itemid-64ca0b7cba162577de488619",
      "image_url": "https://imageproxy.wolt.com/menu/menu-images/63ad795db242366d1f818f36/1cd64034-d996-11ef-a509-dac8e73cfc2e_20300326.jpg",
      "categories": [
        "TRVANLIVÉ",
        "SLADKOSTI"
      ],
      "prices": [
        {
          "store_name": "Albert",
          "price": 18.9,
          "original_price": null,
          "unit_price": 630.0,
          "unit": "Kg",
          "package_size": "30 g",
          "condition": null
        }
      ],
      "description": null
    },
    {
      "name": "Franz Josef Kaiser Tuňák steak v pikantním oleji",
      "brand": "Franz Josef Kaiser",
      "product_url": "https://wolt.com/cs/cze/prague/venue/albert-vinohradska/franz-josef-kaiser-tunak-steak-v-pikantnim-oleji-itemid-657233256818b938df94783a",
      "image_url": "https://imageproxy.wolt.com/menu/menu-images/64ffec4406cca0140dfab831/9e65c57c-8ebd-11ee-bbd3-9ec5d8563a7d_26955131.jpg",
      "categories": [
        "TRVANLIVÉ",
        "KONZERVOVANÉ POTR."
      ],
      "prices": [
        {
          "store_name": "Albert",
          "price": 29.9,
          "original_price": null,
          "unit_price": 575.0,
          "unit": "Kg",
          "package_size": "52 g",
          "condition": null
        }
      ],
      "description": null
    },
    {
      "name": "Pilsner Urquell světlý ležák multipack",
      "brand": "Pilsner Urquell",
      "product_url": "https://wolt.com/cs/cze/prague/venue/albert-vinohradska/pilsner-urquell-svetly-lezak-multipack-itemid-64ca0b7cba162577de488477",
      "image_url": "https://imageproxy.wolt.com/menu/menu-images/63ad795db242366d1f818f36/7dc23f30-bbe4-11ef-b9ae-1ab614d2e965_25220339.jpg",
      "categories": [
        "NÁPOJE",
        "PIVA"
      ],
      "prices": [
        {
          "store_name": "Albert",
          "price": 219.0,
          "original_price": null,
          "unit_price": 73.0,
          "unit": "l",
          "package_size": "3 l, 4,4% alc",
          "condition": "18+"
        }
      ],
      "description": null
    },
    {
      "name": "Albert Excellent Frambrie 50%",
      "brand": "Albert Excellent",
      "product_url": "https://wolt.com/cs/cze/prague/venue/albert-vinohradska/albert-excellent-frambrie-50-itemid-64ca0b7cba162577de489b87",
      "image_url": "https://imageproxy.wolt.com/menu/menu-images/63ad795db242366d1f818f36/5d15ba46-bbe4-11ef-91ae-ae8d37623f3f_26120232.jpg",
      "categories": [
        "MLÉČNÉ A CHLAZENÉ",
        "SÝRY"
      ],
      "prices": [
        {
          "store_name": "Albert",
          "price": 76.33,
          "original_price": null,
          "unit_price": null,
          "unit": null,
          "package_size": null,
          "condition": "Vyprodáno"
        }
      ],
      "description": null
    },
    {
      "name": "Perla Čaj ovocný švestka, vanilka a skořice",
      "brand": "Perla",
      "product_url": "https://wolt.com/cs/cze/prague/venue/albert-vinohradska/perla-caj-ovocny-svestka-vanilka-a-skorice-itemid-651c877d620884e9c7c007ca",
      "image_url": "https://imageproxy.wolt.com/menu/menu-images/64ffec4406cca0140dfab831/deba69d6-8eca-11ee-bc9e-0294722b0773_27791165.jpg",
      "categories": [
        "NÁPOJE",
        "KÁVA A ČAJ"
      ],
      "prices": [
        {
          "store_name": "Albert",
          "price": 29.9,
          "original_price": null,
          "unit_price": 747.5,
          "unit": "Kg",
          "package_size": "40 g",
          "condition": null
        }
      ],
      "description": null
    },
    {
      "name": "Jihlavanka Standard mletá káva",
      "brand": "Jihlavanka",
      "product_url": "https://wolt.com/cs/cze/prague/venue/albert-vinohradska/jihlavanka-standard-mleta-kava-itemid-64ca0b7cba162577de489d57",
      "image_url": "https://imageproxy.wolt.com/menu/menu-images/64ffec4406cca0140dfab831/48eeb9c0-8eb1-11ee-9c38-662d260bbeaa_24264051.jpg",
      "categories": [
        "NÁPOJE",
        "KÁVA A ČAJ"
      ],
      "prices": [
        {
          "store_name": "Albert",
          "price": null,
          "original_price": null,
          "unit_price": 399.33,
          "unit": "Kg",
          "package_size": "150 g",
          "condition": "Sleva"
        }
      ],
      "description": null
    },
    {
      "name": "Vileda Rainbow Houbičky na nádobí",
      "brand": "Vileda",
      "product_url": "https://wolt.com/cs/cze/prague/venue/albert-vinohradska/vileda-rainbow-houbicky-na-nadobi-itemid-64ca0b7cba162577de4895a6",
      "image_url": "https://imageproxy.wolt.com/menu/menu-images/64ffec4406cca0140dfab831/675e6a22-8eb1-11ee-95b9-9e446d541704_24349987.jpg",
      "categories": [
        "DOMÁCNOST A ZAHRADA",
        "ÚKLIDOVÉ POTŘEBY"
      ],
      "prices": [
        {
          "store_name": "Albert",
          "price": 42.9,
          "original_price": null,
          "unit_price": 4.29,
          "unit": "ks",
          "package_size": "‪10‬ kusů",
          "condition": null
        }
      ],
      "description": null
    },
    {
      "name": "Madeta Romadur 40% Chilli",
      "brand": "Madeta",
      "product_url": "https://wolt.com/cs/cze/prague/venue/albert-vinohradska/madeta-romadur-40-chilli-itemid-64ca0b7cba162577de4890d9",
      "image_url": "https://imageproxy.wolt.com/menu/menu-images/64ffec4406cca0140dfab831/7f5677f2-8eb4-11ee-bf40-f6f59196df47_25343724.jpg",
      "categories": [
        "MLÉČNÉ A CHLAZENÉ",
        "SÝRY"
      ],
      "prices": [
        {
          "store_name": "Albert",
          "price": 32.9,
          "original_price": null,
          "unit_price": 329.0,
          "unit": "Kg",
          "package_size": "100 g",
          "condition": null
        }
      ],
      "description": null
    },
    {
      "name": "Racio Cornies chlebíčky kukuřičné s mořskou solí",
      "brand": "Racio",
      "product_url": "https://wolt.com/cs/cze/prague/venue/albert-vinohradska/racio-cornies-chlebicky-kukuricne-s-morskou-soli-itemid-64ca0b7cba162577de48960e",
      "image_url": "https://imageproxy.wolt.com/menu/menu-images/64ffec4406cca0140dfab831/860339d4-8eb7-11ee-88d9-3a1814765055_25946086.jpg",
      "categories": [
        "TRVANLIVÉ",
        "SLANÉ"
      ],
      "prices": [
        {
          "store_name": "Albert",
          "price": 25.9,
          "original_price": null,
          "unit_price": 225.22,
          "unit": "Kg",
          "package_size": "115 g",
          "condition": null
        }
      ],
      "description": null
    },
    {
      "name": "Kreolis Extra panenský olivový olej",
      "brand": "Kreolis",
      "product_url": "https://wolt.com/cs/cze/prague/venue/albert-vinohradska/kreolis-extra-panensky-olivovy-olej-itemid-64ca0b7cba162577de489350",
      "image_url": "https://imageproxy.wolt.com/menu/menu-images/63ad795db242366d1f818f36/08aa7ee8-7a84-11ef-8604-66a9d77f222e_24677547.jpg",
      "categories": [
        "TRVANLIVÉ",
        "OLEJE A OCTY"
      ],
      "prices": [
        {
          "store_name": "Albert",
          "price": 259.0,
          "original_price": null,
          "unit_price": 518.0,
          "unit": "l",
          "package_size": "500 ml",
          "condition": null
        }
      ],
      "description": null
    },
    {
      "name": "Albert Kyselina citronová",
      "brand": "Albert",
      "product_url": "https://wolt.com/cs/cze/prague/venue/albert-vinohradska/albert-kyselina-citronova-itemid-64ca0b7cba162577de4885fd",
      "image_url": "https://imageproxy.wolt.com/menu/menu-images/64ffec4406cca0140dfab831/b38bd42e-8ec1-11ee-aeff-22ab4de1c557_27258033.jpg",
      "categories": [
        "TRVANLIVÉ",
        "PEČENÍ A VAŘENÍ"
      ],
      "prices": [
        {
          "store_name": "Albert",
          "price": 7.9,
          "original_price": null,
          "unit_price": 197.5,
          "unit": "Kg",
          "package_size": "40 g",
          "condition": null
        }
      ],
      "description": null
    },
    {
      "name": "Dr. Oetker Aroma vanilkové tekuté",
      "brand": "Dr. Oetker",
      "product_url": "https://wolt.com/cs/cze/prague/venue/albert-vinohradska/dr-oetker-aroma-vanilkove-tekute-itemid-64ca0b7cba162577de488b47",
      "image_url": "https://imageproxy.wolt.com/menu/menu-images/63ad795db242366d1f818f36/0a217cdc-a8ea-11f0-b19a-12840a14f60a_25573749.jpg",
      "categories": [
        "TRVANLIVÉ",
        "PEČENÍ A VAŘENÍ"
      ],
      "prices": [
        {
          "store_name": "Albert",
          "price": 39.9,
          "original_price": null,
          "unit_price": 1050.0,
          "unit": "l",
          "package_size": "38 ml",
          "condition": null
        }
      ],
      "description": null
    },
    {
      "name": "Giana Rajčata krájená",
      "brand": "Giana",
      "product_url": "https://wolt.com/cs/cze/prague/venue/albert-vinohradska/giana-rajcata-krajena-itemid-64ca0b7cba162577de488593",
      "image_url": "https://imageproxy.wolt.com/menu/menu-images/63ad795db242366d1f818f36/63e7bdbe-9796-11ef-8ea5-3ab397c75ccc_25159271.jpg",
      "categories": [
        "TRVANLIVÉ",
        "KONZERVOVANÉ POTR."
      ],
      "prices": [
        {
          "store_name": "Albert",
          "price": 36.9,
          "original_price": null,
          "unit_price": 153.75,
          "unit": "Kg",
          "package_size": "240 g",
          "condition": null
        }
      ],
      "description": null
    },
    {
      "name": "Activia Jogurtový nápoj jahoda & kiwi",
      "brand": "Activia",
      "product_url": "https://wolt.com/cs/cze/prague/venue/albert-vinohradska/activia-jogurtovy-napoj-jahoda-kiwi-itemid-64ca0b7cba162577de48926f",
      "image_url": "https://imageproxy.wolt.com/menu/menu-images/63ad795db242366d1f818f36/3277b4a8-26ff-11ef-a3de-3ecf65f3e66a_24005197.jpg",
      "categories": [
        "MLÉČNÉ A CHLAZENÉ",
        "MLÉČNÉ NÁPOJE"
      ],
      "prices": [
        {
          "store_name": "Albert",
          "price": 32.9,
          "original_price": null,
          "unit_price": 117.5,
          "unit": "Kg",
          "package_size": "280 g",
          "condition": null
        }
      ],
      "description": null
    },
    {
      "name": "Nature's Promise Kozí gouda 48% plátky",
      "brand": "Nature's Promise",
      "product_url": "https://wolt.com/cs/cze/prague/venue/albert-vinohradska/nature-s-promise-kozi-gouda-48-platky-itemid-657233256818b938df948a2d",
      "image_url": "https://imageproxy.wolt.com/menu/menu-images/64ffec4406cca0140dfab831/f4a14b16-8eca-11ee-8a93-768b824ebd6b_27793299.jpg",
      "categories": [
        "MLÉČNÉ A CHLAZENÉ",
        "SÝRY"
      ],
      "prices": [
        {
          "store_name": "Albert",
          "price": null,
          "original_price": null,
          "unit_price": 399.0,
          "unit": "Kg",
          "package_size": "100 g",
          "condition": "Sleva"
        }
      ],
      "description": null
    },
    {
      "name": "Knoppers NutBar tyčinka",
      "brand": "Knoppers",
      "product_url": "https://wolt.com/cs/cze/prague/venue/albert-vinohradska/knoppers-nutbar-tycinka-itemid-64ca0b7cba162577de4896dc",
      "image_url": "https://imageproxy.wolt.com/menu/menu-images/64ffec4406cca0140dfab831/da0f3688-8ec4-11ee-b815-5e8cfe3fa30b_27498934.jpg",
      "categories": [
        "TRVANLIVÉ",
        "SLADKOSTI"
      ],
      "prices": [
        {
          "store_name": "Albert",
          "price": 16.9,
          "original_price": null,
          "unit_price": 422.5,
          "unit": "Kg",
          "package_size": "40 g",
          "condition": null
        }
      ],
      "description": null
    },
    {
      "name": "Michelské Pekárny Křehké plátky kukuřičné se sýrem",
      "brand": "Michelské",
      "product_url": "https://wolt.com/cs/cze/prague/venue/albert-vinohradska/michelske-pekarny-krehke-platky-kukuricne-se-syrem-itemid-64ca0b7cba162577de489550",
      "image_url": "https://imageproxy.wolt.com/menu/menu-images/64ffec4406cca0140dfab831/7a02bc72-8eb7-11ee-80f6-2a867062f6f7_25939255.jpg",
      "categories": [
        "PEKÁRNA A CUKRÁRNA",
        "RACIO A KNÄCKEBROT"
      ],
      "prices": [
        {
          "store_name": "Albert",
          "price": 13.9,
          "original_price": null,
          "unit_price": 213.85,
          "unit": "Kg",
          "package_size": "65 g",
          "condition": null
        }
      ],
      "description": null
    },
    {
      "name": "Nutrend Excelent Tyčinka proteinová marcipán",
      "brand": "Nutrend",
      "product_url": "https://wolt.com/cs/cze/prague/venue/albert-vinohradska/nutrend-excelent-tycinka-proteinova-marcipan-itemid-64ca0b7cba162577de4897a9",
      "image_url": "https://imageproxy.wolt.com/menu/menu-images/64ffec4406cca0140dfab831/b3003d52-8eb6-11ee-a575-eadf6ce36c9d_25815009.jpg",
      "categories": [
        "TRVANLIVÉ",
        "MÜSLI A CEREÁLIE"
      ],
      "prices": [
        {
          "store_name": "Albert",
          "price": 35.9,
          "original_price": null,
          "unit_price": 897.5,
          "unit": "Kg",
          "package_size": "40 g",
          "condition": null
        }
      ],
      "description": null
    },
    {
      "name": "Bonavita Choco Balls",
      "brand": "Bonavita",
      "product_url": "https://wolt.com/cs/cze/prague/venue/albert-vinohradska/bonavita-choco-balls-itemid-64ca0b7cba162577de489c2b",
      "image_url": "https://imageproxy.wolt.com/menu/menu-images/63ad795db242366d1f818f36/00071cca-25b4-11f0-a64a-a262857c0054_23093690.jpg",
      "categories": [
        "TRVANLIVÉ",
        "MÜSLI A CEREÁLIE"
      ],
      "prices": [
        {
          "store_name": "Albert",
          "price": 69.9,
          "original_price": null,
          "unit_price": 186.4,
          "unit": "Kg",
          "package_size": "375 g",
          "condition": null
        }
      ],
      "description": null
    },
    {
      "name": "Pedigree Dentastix Maxi péče o ústní dutinu",
      "brand": "Pedigree",
      "product_url": "https://wolt.com/cs/cze/prague/venue/albert-vinohradska/pedigree-dentastix-maxi-pece-o-ustni-dutinu-itemid-64ca0b7cba162577de489dcb",
      "image_url": "https://imageproxy.wolt.com/menu/menu-images/64ffec4406cca0140dfab831/2516588e-8eb4-11ee-ac64-eadf6ce36c9d_25250671.jpg",
      "categories": [
        "ZVÍŘATA",
        "PSI"
      ],
      "prices": [
        {
          "store_name": "Albert",
          "price": 99.9,
          "original_price": null,
          "unit_price": 370.0,
          "unit": "Kg",
          "package_size": "270 g",
          "condition": null
        }
      ],
      "description": null
    },
    {
      "name": "Albert Oregano",
      "brand": "Albert",
      "product_url": "https://wolt.com/cs/cze/prague/venue/albert-vinohradska/albert-oregano-itemid-6601e0559d152df703be66af",
      "image_url": "https://imageproxy.wolt.com/menu/menu-images/6601c613e48d1c8d95333085/c4dca43c-eae3-11ee-acb9-aae3aea8b537_27229972.jpg",
      "categories": [
        "TRVANLIVÉ",
        "KOŘENÍ A OCHUCOVADLA"
      ],
      "prices": [
        {
          "store_name": "Albert",
          "price": 8.9,
          "original_price": null,
          "unit_price": 593.33,
          "unit": "Kg",
          "package_size": "15 g",
          "condition": null
        }
      ],
      "description": null
    },
    {
      "name": "Kühne Made for Meat Omáčka s pečenou paprikou",
      "brand": "Kühne",
      "product_url": "https://wolt.com/cs/cze/prague/venue/albert-vinohradska/kuhne-made-for-meat-omacka-s-pecenou-paprikou-itemid-657233256818b938df948c26",
      "image_url": "https://imageproxy.wolt.com/menu/menu-images/64ffec4406cca0140dfab831/28ffa498-8ecb-11ee-9af2-2e2fd9c09968_27796450.jpg",
      "categories": [
        "TRVANLIVÉ",
        "KOŘENÍ A OCHUCOVADLA"
      ],
      "prices": [
        {
          "store_name": "Albert",
          "price": 79.9,
          "original_price": null,
          "unit_price": 340.0,
          "unit": "l",
          "package_size": "235 ml",
          "condition": "Vyprodáno"
        }
      ],
      "description": null
    },
    {
      "name": "Ben & Jerry's Bohemian Raspberry",
      "brand": "Ben & Jerry's",
      "product_url": "https://wolt.com/cs/cze/prague/venue/albert-vinohradska/ben-jerry-s-bohemian-raspberry-itemid-69309ace56094a48f214fd4c",
      "image_url": "https://imageproxy.wolt.com/menu/menu-images/64b62ec5e5ab70cdc92e30f0/3783b842-616f-11f0-a99b-f214f34c53bf_27969052.jpg",
      "categories": [
        "MRAŽENÉ POTRAVINY",
        "ZMRZLINA A NANUKY"
      ],
      "prices": [
        {
          "store_name": "Albert",
          "price": 159.0,
          "original_price": null,
          "unit_price": 341.94,
          "unit": "l",
          "package_size": "465 ml",
          "condition": null
        }
      ],
      "description": null
    },
    {
      "name": "Jacobs Aroma Standard mletá káva",
      "brand": "Jacobs",
      "product_url": "https://wolt.com/cs/cze/prague/venue/albert-vinohradska/jacobs-aroma-standard-mleta-kava-itemid-64ca0b7cba162577de489ab5",
      "image_url": "https://imageproxy.wolt.com/menu/menu-images/63ad795db242366d1f818f36/ad5722d4-ed43-11ef-8173-ea86c9b52765_20319489.jpg",
      "categories": [
        "NÁPOJE",
        "KÁVA A ČAJ"
      ],
      "prices": [
        {
          "store_name": "Albert",
          "price": 149.9,
          "original_price": null,
          "unit_price": 599.6,
          "unit": "Kg",
          "package_size": "250 g",
          "condition": null
        }
      ],
      "description": null
    },
    {
      "name": "Always Ultra Secure Night vložky s křidélky",
      "brand": "Always",
      "product_url": "https://wolt.com/cs/cze/prague/venue/albert-vinohradska/always-ultra-secure-night-vlozky-s-kridelky-itemid-64ca0b7cba162577de488ea5",
      "image_url": "https://imageproxy.wolt.com/menu/menu-images/64ffec4406cca0140dfab831/fce8d938-8eb6-11ee-a9bb-2672547c66c2_25876093.jpg",
      "categories": [
        "DROGERIE A KOSMETIKA",
        "DÁMSKÉ HYG. POTŘEBY"
      ],
      "prices": [
        {
          "store_name": "Albert",
          "price": 119.9,
          "original_price": null,
          "unit_price": 9.99,
          "unit": "ks",
          "package_size": "‪12‬ kusů",
          "condition": null
        }
      ],
      "description": null
    },
    {
      "name": "World’s Market Gnocchi Tricolore",
      "brand": "World’s Market",
      "product_url": "https://wolt.com/cs/cze/prague/venue/albert-vinohradska/world-s-market-gnocchi-tricolore-itemid-657233256818b938df948809",
      "image_url": "https://imageproxy.wolt.com/menu/menu-images/64ffec4406cca0140dfab831/b25dbb6c-8ecb-11ee-b8e2-aef58f05e2b1_27820223.jpg",
      "categories": [
        "UZENINY A LAHŮDKY",
        "HOTOVKY A PŘÍLOHY"
      ],
      "prices": [
        {
          "store_name": "Albert",
          "price": 29.9,
          "original_price": null,
          "unit_price": 74.75,
          "unit": "Kg",
          "package_size": "400 g",
          "condition": null
        }
      ],
      "description": null
    },
    {
      "name": "Nature's Promise Bio Kiwi",
      "brand": "Nature's Promise",
      "product_url": "https://wolt.com/cs/cze/prague/venue/albert-vinohradska/nature-s-promise-bio-kiwi-itemid-657233256818b938df9478f2",
      "image_url": "https://imageproxy.wolt.com/menu/menu-images/64ffec4406cca0140dfab831/4804d2aa-8ec1-11ee-a2b9-a2846f3734b2_27232675.jpg",
      "categories": [
        "OVOCE A ZELENINA",
        "OVOCE"
      ],
      "prices": [
        {
          "store_name": "Albert",
          "price": null,
          "original_price": null,
          "unit_price": 10.9,
          "unit": "ks",
          "package_size": "‪1‬ kus",
          "condition": "Sleva, Vyprodáno"
        }
      ],
      "description": null
    },
    {
      "name": "Giana Švestky",
      "brand": "Giana",
      "product_url": "https://wolt.com/cs/cze/prague/venue/albert-vinohradska/giana-svestky-itemid-64ca0b7cba162577de4890cd",
      "image_url": "https://imageproxy.wolt.com/menu/menu-images/63ad795db242366d1f818f36/33f5562c-0608-11ef-8e5f-621a56ca64fe_23532656.jpg",
      "categories": [
        "TRVANLIVÉ",
        "KONZERVOVANÉ POTR."
      ],
      "prices": [
        {
          "store_name": "Albert",
          "price": 59.9,
          "original_price": null,
          "unit_price": 155.58,
          "unit": "Kg",
          "package_size": "385 g",
          "condition": null
        }
      ],
      "description": null
    },
    {
      "name": "Gustona Pizza se čtyřmi druhy sýra",
      "brand": "Gustona",
      "product_url": "https://wolt.com/cs/cze/prague/venue/albert-vinohradska/gustona-pizza-se-ctyrmi-druhy-syra-itemid-6876153a0c6218e9f3e5f497",
      "image_url": "https://imageproxy.wolt.com/menu/menu-images/64b62ec5e5ab70cdc92e30f0/3784fe32-616f-11f0-856a-0e6ec821f888_27862018.jpg",
      "categories": [
        "MRAŽENÉ POTRAVINY",
        "MRAŽENÁ PIZZA A HOTOVÁ JÍDLA"
      ],
      "prices": [
        {
          "store_name": "Albert",
          "price": 59.9,
          "original_price": null,
          "unit_price": 176.18,
          "unit": "Kg",
          "package_size": "340 g",
          "condition": null
        }
      ],
      "description": null
    },
    {
      "name": "Giana Tuňákový salát Texas",
      "brand": "Giana",
      "product_url": "https://wolt.com/cs/cze/prague/venue/albert-vinohradska/giana-tunakovy-salat-texas-itemid-64ca0b7cba162577de4892c2",
      "image_url": "https://imageproxy.wolt.com/menu/menu-images/63ad795db242366d1f818f36/7f2d1c04-9796-11ef-98fa-32d3b40b2f93_24442886.jpg",
      "categories": [
        "TRVANLIVÉ",
        "KONZERVOVANÉ POTR."
      ],
      "prices": [
        {
          "store_name": "Albert",
          "price": 67.9,
          "original_price": null,
          "unit_price": 367.03,
          "unit": "Kg",
          "package_size": "185 g",
          "condition": null
        }
      ],
      "description": null
    },
    {
      "name": "Albert Kousky lososa v želé",
      "brand": "Albert",
      "product_url": "https://wolt.com/cs/cze/prague/venue/albert-vinohradska/albert-kousky-lososa-v-zele-itemid-6601ead2656ccc631ac2025a",
      "image_url": "https://imageproxy.wolt.com/menu/menu-images/63ad795db242366d1f818f36/3da847d2-ed44-11ef-8144-8a12534ee1bf_27767764.jpg",
      "categories": [
        "ZVÍŘATA",
        "KOČKY"
      ],
      "prices": [
        {
          "store_name": "Albert",
          "price": 24.9,
          "original_price": null,
          "unit_price": 60.0,
          "unit": "Kg",
          "package_size": "415 g",
          "condition": null
        }
      ],
      "description": null
    },
    {
      "name": "Sanytol Dezinfekce sprej čistič koupelny",
      "brand": "Sanytol",
      "product_url": "https://wolt.com/cs/cze/prague/venue/albert-vinohradska/sanytol-dezinfekce-sprej-cistic-koupelny-itemid-64ca0b7cba162577de488e03",
      "image_url": "https://imageproxy.wolt.com/menu/menu-images/64ffec4406cca0140dfab831/35bf0a5a-8eb4-11ee-955c-8e50ebf9f3ec_25260724.jpg",
      "categories": [
        "DOMÁCNOST A ZAHRADA",
        "ÚKLIDOVÉ POTŘEBY"
      ],
      "prices": [
        {
          "store_name": "Albert",
          "price": 89.9,
          "original_price": null,
          "unit_price": 179.8,
          "unit": "l",
          "package_size": "500 ml",
          "condition": null
        }
      ],
      "description": null
    },
    {
      "name": "Kühne Made for Meat Omáčka s černým česnekem",
      "brand": "Kühne",
      "product_url": "https://wolt.com/cs/cze/prague/venue/albert-vinohradska/kuhne-made-for-meat-omacka-s-cernym-cesnekem-itemid-657233256818b938df948c50",
      "image_url": "https://imageproxy.wolt.com/menu/menu-images/64ffec4406cca0140dfab831/28e4e8d8-8ecb-11ee-a937-9e8bf7ebc64c_27796443.jpg",
      "categories": [
        "TRVANLIVÉ",
        "KOŘENÍ A OCHUCOVADLA"
      ],
      "prices": [
        {
          "store_name": "Albert",
          "price": 79.9,
          "original_price": null,
          "unit_price": 340.0,
          "unit": "l",
          "package_size": "235 ml",
          "condition": "Vyprodáno"
        }
      ],
      "description": null
    },
    {
      "name": "Caffè Gondoliere Classic zrnková káva",
      "brand": "Caffè",
      "product_url": "https://wolt.com/cs/cze/prague/venue/albert-vinohradska/caffe-gondoliere-classic-zrnkova-kava-itemid-64ca0b7cba162577de488c5b",
      "image_url": "https://imageproxy.wolt.com/menu/menu-images/64ffec4406cca0140dfab831/ad4c40e4-8ec1-11ee-9036-2254ad732fe4_27257715.jpg",
      "categories": [
        "NÁPOJE",
        "KÁVA A ČAJ"
      ],
      "prices": [
        {
          "store_name": "Albert",
          "price": 339.0,
          "original_price": null,
          "unit_price": 339.0,
          "unit": "Kg",
          "package_size": "1 kg",
          "condition": null
        }
      ],
      "description": null
    },
    {
      "name": "Smetanito smetanové krémové",
      "brand": "Smetanito",
      "product_url": "https://wolt.com/cs/cze/prague/venue/albert-vinohradska/smetanito-smetanove-kremove-itemid-657233256818b938df94785d",
      "image_url": "https://imageproxy.wolt.com/menu/menu-images/64ffec4406cca0140dfab831/ca39229e-8ec6-11ee-80f9-bed13653e197_27624746.jpg",
      "categories": [
        "MLÉČNÉ A CHLAZENÉ",
        "SÝRY"
      ],
      "prices": [
        {
          "store_name": "Albert",
          "price": 34.9,
          "original_price": null,
          "unit_price": 349.0,
          "unit": "Kg",
          "package_size": "100 g",
          "condition": null
        }
      ],
      "description": null
    },
    {
      "name": "Albert Aspiková květinka malá",
      "brand": "Albert",
      "product_url": "https://wolt.com/cs/cze/prague/venue/albert-vinohradska/albert-aspikova-kvetinka-mala-itemid-64ca0b7cba162577de4895db",
      "image_url": "https://imageproxy.wolt.com/menu/menu-images/64ffec4406cca0140dfab831/81ad373a-8ec2-11ee-9715-86f1953ceff6_27304662.jpg",
      "categories": [
        "UZENINY A LAHŮDKY",
        "LAHŮDKY"
      ],
      "prices": [
        {
          "store_name": "Albert",
          "price": 29.9,
          "original_price": null,
          "unit_price": 199.33,
          "unit": "Kg",
          "package_size": "150 g",
          "condition": null
        }
      ],
      "description": null
    },
    {
      "name": "Ady Chili pasta",
      "brand": "Ady",
      "product_url": "https://wolt.com/cs/cze/prague/venue/albert-vinohradska/ady-chili-pasta-itemid-657233256818b938df947c42",
      "image_url": "https://imageproxy.wolt.com/menu/menu-images/63ad795db242366d1f818f36/1462cc22-7826-11f0-bca1-329465d45e45_25382129.jpg",
      "categories": [
        "TRVANLIVÉ",
        "KEČUPY A HOŘČICE"
      ],
      "prices": [
        {
          "store_name": "Albert",
          "price": 35.9,
          "original_price": null,
          "unit_price": 377.89,
          "unit": "Kg",
          "package_size": "95 g",
          "condition": "Vyprodáno"
        }
      ],
      "description": null
    },
    {
      "name": "Lipton Ledový čaj s příchutí broskve",
      "brand": "Lipton",
      "product_url": "https://wolt.com/cs/cze/prague/venue/albert-vinohradska/lipton-ledovy-caj-s-prichuti-broskve-itemid-64ca0b7cba162577de489134",
      "image_url": "https://imageproxy.wolt.com/menu/menu-images/63ad795db242366d1f818f36/9bc6f89e-df7c-11ee-9a29-b29f048ef3a9_22941886.jpg",
      "categories": [
        "NÁPOJE",
        "LIMONÁDY"
      ],
      "prices": [
        {
          "store_name": "Albert",
          "price": 41.9,
          "original_price": null,
          "unit_price": 27.93,
          "unit": "l",
          "package_size": "1,5 l",
          "condition": null
        }
      ],
      "description": null
    },
    {
      "name": "Ölz Maxi Houska na burger",
      "brand": "Ölz",
      "product_url": "https://wolt.com/cs/cze/prague/venue/albert-vinohradska/olz-maxi-houska-na-burger-itemid-64ca0b7cba162577de4896de",
      "image_url": "https://imageproxy.wolt.com/menu/menu-images/64ffec4406cca0140dfab831/dd12a5b0-8ebd-11ee-ac6d-461ac7d1f05d_26975085.jpg",
      "categories": [
        "PEKÁRNA A CUKRÁRNA",
        "SLANÉ PEČIVO BALENÉ"
      ],
      "prices": [
        {
          "store_name": "Albert",
          "price": 58.9,
          "original_price": null,
          "unit_price": 196.33,
          "unit": "Kg",
          "package_size": "300 g",
          "condition": null
        }
      ],
      "description": null
    },
    {
      "name": "Nature's Promise Kukuřič. strouhanka bez lepku",
      "brand": "Nature's Promise",
      "product_url": "https://wolt.com/cs/cze/prague/venue/albert-vinohradska/nature-s-promise-kukuric-strouhanka-bez-lepku-itemid-681b5abffcbd67bf7a8f49e4",
      "image_url": "https://imageproxy.wolt.com/menu/menu-images/63ad795db242366d1f818f36/86b7c844-2b47-11f0-9ee5-3e216c768122_27916131.jpg",
      "categories": [
        "TRVANLIVÉ",
        "SPECIÁLNÍ"
      ],
      "prices": [
        {
          "store_name": "Albert",
          "price": null,
          "original_price": null,
          "unit_price": 84.5,
          "unit": "Kg",
          "package_size": "200 g",
          "condition": "Sleva"
        }
      ],
      "description": null
    },
    {
      "name": "Milko Tvarohová svačinka paprika",
      "brand": "Milko",
      "product_url": "https://wolt.com/cs/cze/prague/venue/albert-vinohradska/milko-tvarohova-svacinka-paprika-itemid-64ca0b7cba162577de4891ac",
      "image_url": "https://imageproxy.wolt.com/menu/menu-images/64ffec4406cca0140dfab831/b6c7018a-8eae-11ee-80c4-424f0985e4ef_22725448.jpg",
      "categories": [
        "MLÉČNÉ A CHLAZENÉ",
        "TVAROHY"
      ],
      "prices": [
        {
          "store_name": "Albert",
          "price": 27.9,
          "original_price": null,
          "unit_price": 199.29,
          "unit": "Kg",
          "package_size": "140 g",
          "condition": null
        }
      ],
      "description": null
    },
    {
      "name": "Hobby Vit Piškoty doplňkové krmivo",
      "brand": "Hobby",
      "product_url": "https://wolt.com/cs/cze/prague/venue/albert-vinohradska/hobby-vit-piskoty-doplnkove-krmivo-itemid-64ca0b7cba162577de48a061",
      "image_url": "https://imageproxy.wolt.com/menu/menu-images/64ffec4406cca0140dfab831/23e66822-8eba-11ee-ac7a-1e9e4c6f0bda_26572628.jpg",
      "categories": [
        "ZVÍŘATA",
        "PSI"
      ],
      "prices": [
        {
          "store_name": "Albert",
          "price": 59.9,
          "original_price": null,
          "unit_price": 299.5,
          "unit": "Kg",
          "package_size": "200 g",
          "condition": null
        }
      ],
      "description": null
    },
    {
      "name": "Nature's Promise Kids Tvarohový dezert vanilka",
      "brand": "Nature's Promise",
      "product_url": "https://wolt.com/cs/cze/prague/venue/albert-vinohradska/nature-s-promise-kids-tvarohovy-dezert-vanilka-itemid-657233256818b938df948a8c",
      "image_url": "https://imageproxy.wolt.com/menu/menu-images/64ffec4406cca0140dfab831/38934118-8eca-11ee-887f-3a31305f5e7c_27772676.jpg",
      "categories": [
        "MLÉČNÉ A CHLAZENÉ",
        "JOGURTY A DEZERTY"
      ],
      "prices": [
        {
          "store_name": "Albert",
          "price": null,
          "original_price": null,
          "unit_price": 123.75,
          "unit": "Kg",
          "package_size": "80 g",
          "condition": "Sleva"
        }
      ],
      "description": null
    },
    {
      "name": "Felix Sensations Sauces výběr masa v omáčkách",
      "brand": "Felix",
      "product_url": "https://wolt.com/cs/cze/prague/venue/albert-vinohradska/felix-sensations-sauces-vyber-masa-v-omackach-itemid-64ca0b7cba162577de48a4a3",
      "image_url": "https://imageproxy.wolt.com/menu/menu-images/64ffec4406cca0140dfab831/773dcd40-8ec3-11ee-96f3-2242df874e85_27383407.jpg",
      "categories": [
        "ZVÍŘATA",
        "KOČKY"
      ],
      "prices": [
        {
          "store_name": "Albert",
          "price": 129.9,
          "original_price": null,
          "unit_price": 127.35,
          "unit": "Kg",
          "package_size": "1,02 kg",
          "condition": null
        }
      ],
      "description": null
    },
    {
      "name": "Albert Čerstvá šťáva mango, maracuja a guava",
      "brand": "Albert",
      "product_url": "https://wolt.com/cs/cze/prague/venue/albert-vinohradska/albert-cerstva-stava-mango-maracuja-a-guava-itemid-64ca0b7cba162577de488aff",
      "image_url": "https://imageproxy.wolt.com/menu/menu-images/64ffec4406cca0140dfab831/c714b3cc-8ec0-11ee-b303-92f467c0c86c_27195093.jpg",
      "categories": [
        "NÁPOJE",
        "DŽUSY A NEKTARY"
      ],
      "prices": [
        {
          "store_name": "Albert",
          "price": 84.9,
          "original_price": null,
          "unit_price": 113.2,
          "unit": "l",
          "package_size": "750 ml",
          "condition": null
        }
      ],
      "description": null
    },
    {
      "name": "Horal 1860 světlý ležák",
      "brand": "Horal",
      "product_url": "https://wolt.com/cs/cze/prague/venue/albert-vinohradska/horal-1860-svetly-lezak-itemid-657233256818b938df948a24",
      "image_url": "https://imageproxy.wolt.com/menu/menu-images/64ffec4406cca0140dfab831/fef5503a-8ebb-11ee-aded-362f93bf1d5e_26815923.jpg",
      "categories": [
        "NÁPOJE",
        "PIVA"
      ],
      "prices": [
        {
          "store_name": "Albert",
          "price": 77.9,
          "original_price": null,
          "unit_price": 77.9,
          "unit": "l",
          "package_size": "1 l, 4,8% alc",
          "condition": "18+"
        }
      ],
      "description": null
    },
    {
      "name": "Harmony Kosmetické utěrky 3vrstvé",
      "brand": "Harmony",
      "product_url": "https://wolt.com/cs/cze/prague/venue/albert-vinohradska/harmony-kosmeticke-uterky-3vrstve-itemid-64ca0b7cba162577de489517",
      "image_url": "https://imageproxy.wolt.com/menu/menu-images/64ffec4406cca0140dfab831/8334a72c-8ec3-11ee-ae22-9a1f6ae41663_27384138.jpg",
      "categories": [
        "DROGERIE A KOSMETIKA",
        "PAPÍROVÁ HYGIENA"
      ],
      "prices": [
        {
          "store_name": "Albert",
          "price": 53.9,
          "original_price": null,
          "unit_price": 0.54,
          "unit": "ks",
          "package_size": "‪100‬ kusů",
          "condition": null
        }
      ],
      "description": null
    },
    {
      "name": "Templářské sklepy Svatovavřinecké červené",
      "brand": "Templářské",
      "product_url": "https://wolt.com/cs/cze/prague/venue/albert-vinohradska/templarske-sklepy-svatovavrinecke-cervene-itemid-657233256818b938df947a76",
      "image_url": "https://imageproxy.wolt.com/menu/menu-images/64ffec4406cca0140dfab831/9854381e-8eb6-11ee-96dc-feea992db910_25787351.jpg",
      "categories": [
        "NÁPOJE",
        "VÍNA"
      ],
      "prices": [
        {
          "store_name": "Albert",
          "price": 79.9,
          "original_price": null,
          "unit_price": 106.53,
          "unit": "l",
          "package_size": "750 ml, 11,5% alc",
          "condition": "18+"
        }
      ],
      "description": null
    },
    {
      "name": "Magnum Mini Double Caramel Gold Billionaire",
      "brand": "Magnum",
      "product_url": "https://wolt.com/cs/cze/prague/venue/albert-vinohradska/magnum-mini-double-caramel-gold-billionaire-itemid-6876153a0c6218e9f3e5f45c",
      "image_url": "https://imageproxy.wolt.com/menu/menu-images/64b62ec5e5ab70cdc92e30f0/0ec645f0-616f-11f0-a117-da5cbf168adb_27388945.jpg",
      "categories": [
        "MRAŽENÉ POTRAVINY",
        "ZMRZLINA A NANUKY"
      ],
      "prices": [
        {
          "store_name": "Albert",
          "price": 194.0,
          "original_price": null,
          "unit_price": 587.88,
          "unit": "l",
          "package_size": "330 ml",
          "condition": null
        }
      ],
      "description": null
    },
    {
      "name": "Cheddar strouhaný",
      "brand": "Cheddar",
      "product_url": "https://wolt.com/cs/cze/prague/venue/albert-vinohradska/cheddar-strouhany-itemid-64ca0b7cba162577de488465",
      "image_url": "https://imageproxy.wolt.com/menu/menu-images/64ffec4406cca0140dfab831/0fe4857c-8ec2-11ee-8b88-fae72eeefc2d_27276655.jpg",
      "categories": [
        "MLÉČNÉ A CHLAZENÉ",
        "SÝRY"
      ],
      "prices": [
        {
          "store_name": "Albert",
          "price": 57.9,
          "original_price": null,
          "unit_price": 386.0,
          "unit": "Kg",
          "package_size": "150 g",
          "condition": null
        }
      ],
      "description": null
    },
    {
      "name": "Gourmet Multipack A la Carte",
      "brand": "Gourmet",
      "product_url": "https://wolt.com/cs/cze/prague/venue/albert-vinohradska/gourmet-multipack-a-la-carte-itemid-66021fbcff3453837afb777a",
      "image_url": "https://imageproxy.wolt.com/menu/menu-images/6601c613e48d1c8d95333085/c905ab2c-eae2-11ee-846d-c2919b5ee551_25625080.jpg",
      "categories": [
        "ZVÍŘATA",
        "KOČKY"
      ],
      "prices": [
        {
          "store_name": "Albert",
          "price": 84.9,
          "original_price": null,
          "unit_price": 249.71,
          "unit": "Kg",
          "package_size": "340 g",
          "condition": null
        }
      ],
      "description": null
    },
    {
      "name": "Darbo Džem jahodový",
      "brand": "Darbo",
      "product_url": "https://wolt.com/cs/cze/prague/venue/albert-vinohradska/darbo-dzem-jahodovy-itemid-64ca0b7cba162577de48a636",
      "image_url": "https://imageproxy.wolt.com/menu/menu-images/64ffec4406cca0140dfab831/010d7b5a-8eca-11ee-a3f8-5e576a1679f9_27768334.jpg",
      "categories": [
        "TRVANLIVÉ",
        "MEDY A SL. POMAZÁNKY"
      ],
      "prices": [
        {
          "store_name": "Albert",
          "price": 119.9,
          "original_price": null,
          "unit_price": 266.44,
          "unit": "Kg",
          "package_size": "450 g",
          "condition": null
        }
      ],
      "description": null
    },
    {
      "name": "Vitana Kajenský pepř",
      "brand": "Vitana",
      "product_url": "https://wolt.com/cs/cze/prague/venue/albert-vinohradska/vitana-kajensky-pepr-itemid-657233256818b938df948090",
      "image_url": "https://imageproxy.wolt.com/menu/menu-images/64ffec4406cca0140dfab831/cc20460c-8eba-11ee-a4da-8e381a14ed80_26684932.jpg",
      "categories": [
        "TRVANLIVÉ",
        "KOŘENÍ A OCHUCOVADLA"
      ],
      "prices": [
        {
          "store_name": "Albert",
          "price": 20.9,
          "original_price": null,
          "unit_price": 908.7,
          "unit": "Kg",
          "package_size": "23 g",
          "condition": null
        }
      ],
      "description": null
    },
    {
      "name": "Nestlé Nesquik snídaňové cereálie",
      "brand": "Nestlé",
      "product_url": "https://wolt.com/cs/cze/prague/venue/albert-vinohradska/nestle-nesquik-snidanove-cerealie-itemid-651c86c995f411546dadea7a",
      "image_url": "https://imageproxy.wolt.com/menu/menu-images/64ffec4406cca0140dfab831/8d711efa-8ec8-11ee-b23a-3a9a41c1cb36_27725924.jpg",
      "categories": [
        "TRVANLIVÉ",
        "MÜSLI A CEREÁLIE"
      ],
      "prices": [
        {
          "store_name": "Albert",
          "price": null,
          "original_price": null,
          "unit_price": 213.07,
          "unit": "Kg",
          "package_size": "375 g",
          "condition": "Sleva"
        }
      ],
      "description": null
    },
    {
      "name": "Nature's Promise Bio Rajčata cherry",
      "brand": "Nature's Promise",
      "product_url": "https://wolt.com/cs/cze/prague/venue/albert-vinohradska/nature-s-promise-bio-rajcata-cherry-itemid-657233256818b938df947913",
      "image_url": "https://imageproxy.wolt.com/menu/menu-images/63ad795db242366d1f818f36/9fdc2cba-d995-11ef-b129-dad26f29a3ad_24802703.jpg",
      "categories": [
        "OVOCE A ZELENINA",
        "ZELENINA"
      ],
      "prices": [
        {
          "store_name": "Albert",
          "price": 39.9,
          "original_price": null,
          "unit_price": 159.6,
          "unit": "Kg",
          "package_size": "250 g",
          "condition": null
        }
      ],
      "description": null
    },
    {
      "name": "Albert Paštika mandlová",
      "brand": "Albert",
      "product_url": "https://wolt.com/cs/cze/prague/venue/albert-vinohradska/albert-pastika-mandlova-itemid-64ca0b7cba162577de4880ad",
      "image_url": "https://imageproxy.wolt.com/menu/menu-images/64ffec4406cca0140dfab831/2da89360-8ec1-11ee-be51-22ab4de1c557_27220023.jpg",
      "categories": [
        "UZENINY A LAHŮDKY",
        "PAŠTIKY"
      ],
      "prices": [
        {
          "store_name": "Albert",
          "price": 23.9,
          "original_price": null,
          "unit_price": 159.33,
          "unit": "Kg",
          "package_size": "150 g",
          "condition": null
        }
      ],
      "description": null
    },
    {
      "name": "Albert Kapsičky pro psy hovězí a kuřecí",
      "brand": "Albert",
      "product_url": "https://wolt.com/cs/cze/prague/venue/albert-vinohradska/albert-kapsicky-pro-psy-hovezi-a-kureci-itemid-64ca0b7cba162577de48a5c4",
      "image_url": "https://imageproxy.wolt.com/menu/menu-images/64ffec4406cca0140dfab831/bc1b99a6-8ec3-11ee-a8a9-5e8cfe3fa30b_27422212.jpg",
      "categories": [
        "ZVÍŘATA",
        "PSI"
      ],
      "prices": [
        {
          "store_name": "Albert",
          "price": 45.9,
          "original_price": null,
          "unit_price": 114.75,
          "unit": "Kg",
          "package_size": "400 g",
          "condition": null
        }
      ],
      "description": null
    },
    {
      "name": "Fino Smart Handles Pytle na odpadky 20 l",
      "brand": "Fino",
      "product_url": "https://wolt.com/cs/cze/prague/venue/albert-vinohradska/fino-smart-handles-pytle-na-odpadky-20-l-itemid-64ca0b7cba162577de4896c9",
      "image_url": "https://imageproxy.wolt.com/menu/menu-images/64ffec4406cca0140dfab831/0a02d98a-8eb6-11ee-a484-e2efa80c37b6_25681413.jpg",
      "categories": [
        "DOMÁCNOST A ZAHRADA",
        "ÚKLIDOVÉ POTŘEBY"
      ],
      "prices": [
        {
          "store_name": "Albert",
          "price": 39.9,
          "original_price": null,
          "unit_price": 1.33,
          "unit": "ks",
          "package_size": "‪30‬ kusů",
          "condition": null
        }
      ],
      "description": null
    },
    {
      "name": "Madeta Madeland uzený na bukových štěpkách",
      "brand": "Madeta",
      "product_url": "https://wolt.com/cs/cze/prague/venue/albert-vinohradska/madeta-madeland-uzeny-na-bukovych-stepkach-itemid-64ca0b7cba162577de489161",
      "image_url": "https://imageproxy.wolt.com/menu/menu-images/64ffec4406cca0140dfab831/aaeb42ee-8eb4-11ee-a29c-fe2992cf6bd0_25378870.jpg",
      "categories": [
        "MLÉČNÉ A CHLAZENÉ",
        "SÝRY"
      ],
      "prices": [
        {
          "store_name": "Albert",
          "price": null,
          "original_price": null,
          "unit_price": 299.0,
          "unit": "Kg",
          "package_size": "100 g",
          "condition": "Sleva"
        }
      ],
      "description": null
    },
    {
      "name": "Gustona Kečup ostrý",
      "brand": "Gustona",
      "product_url": "https://wolt.com/cs/cze/prague/venue/albert-vinohradska/gustona-kecup-ostry-itemid-64ca0b7cba162577de48962c",
      "image_url": "https://imageproxy.wolt.com/menu/menu-images/64ffec4406cca0140dfab831/25375d16-8ebb-11ee-883b-7a4dcb26504b_26744292.jpg",
      "categories": [
        "TRVANLIVÉ",
        "KEČUPY A HOŘČICE"
      ],
      "prices": [
        {
          "store_name": "Albert",
          "price": 39.9,
          "original_price": null,
          "unit_price": 44.33,
          "unit": "Kg",
          "package_size": "900 g",
          "condition": null
        }
      ],
      "description": null
    },
    {
      "name": "Giana Fazole Borlotti",
      "brand": "Giana",
      "product_url": "https://wolt.com/cs/cze/prague/venue/albert-vinohradska/giana-fazole-borlotti-itemid-64ca0b7cba162577de489084",
      "image_url": "https://imageproxy.wolt.com/menu/menu-images/63ad795db242366d1f818f36/5c669300-0608-11ef-8099-2229f568387e_25643039.jpg",
      "categories": [
        "TRVANLIVÉ",
        "KONZERVOVANÉ POTR."
      ],
      "prices": [
        {
          "store_name": "Albert",
          "price": 21.9,
          "original_price": null,
          "unit_price": 91.25,
          "unit": "Kg",
          "package_size": "240 g",
          "condition": null
        }
      ],
      "description": null
    },
    {
      "name": "B&G Cabernet Sauvignon",
      "brand": "B&G",
      "product_url": "https://wolt.com/cs/cze/prague/venue/albert-vinohradska/b-g-cabernet-sauvignon-itemid-657233256818b938df947e90",
      "image_url": "https://imageproxy.wolt.com/menu/menu-images/64ffec4406cca0140dfab831/57bcfcb0-8eb0-11ee-a837-b6077702759d_23743298.jpg",
      "categories": [
        "NÁPOJE",
        "VÍNA"
      ],
      "prices": [
        {
          "store_name": "Albert",
          "price": null,
          "original_price": null,
          "unit_price": 198.53,
          "unit": "l",
          "package_size": "750 ml, 13,5% alc",
          "condition": "Sleva, 18+"
        }
      ],
      "description": null
    },
    {
      "name": "Pampers Pants plenkové kalhotky, velikost 5",
      "brand": "Pampers",
      "product_url": "https://wolt.com/cs/cze/prague/venue/albert-vinohradska/pampers-pants-plenkove-kalhotky-velikost-5-itemid-64ca0b7cba162577de48a06f",
      "image_url": "https://imageproxy.wolt.com/menu/menu-images/63ad795db242366d1f818f36/1850e9a4-168e-11ef-a7e0-0acd6d928f24_27067727.jpg",
      "categories": [
        "DÍTĚ",
        "PLENY A PODLOŽKY"
      ],
      "prices": [
        {
          "store_name": "Albert",
          "price": null,
          "original_price": null,
          "unit_price": 7.83,
          "unit": "ks",
          "package_size": "‪42‬ kusů",
          "condition": "Sleva"
        }
      ],
      "description": null
    },
    {
      "name": "Emma Müsli se sušeným ovocem a semínky",
      "brand": "Emma",
      "product_url": "https://wolt.com/cs/cze/prague/venue/albert-vinohradska/emma-musli-se-susenym-ovocem-a-seminky-itemid-681b5abffcbd67bf7a8f49ef",
      "image_url": "https://imageproxy.wolt.com/menu/menu-images/63ad795db242366d1f818f36/5a4a0696-2b47-11f0-b96d-2e2a102d9ad7_27800669.jpg",
      "categories": [
        "TRVANLIVÉ",
        "MÜSLI A CEREÁLIE"
      ],
      "prices": [
        {
          "store_name": "Albert",
          "price": 89.9,
          "original_price": null,
          "unit_price": 89.9,
          "unit": "Kg",
          "package_size": "1 kg",
          "condition": null
        }
      ],
      "description": null
    },
    {
      "name": "Emco Ovesné vločky jemné s vlákninou",
      "brand": "Emco",
      "product_url": "https://wolt.com/cs/cze/prague/venue/albert-vinohradska/emco-ovesne-vlocky-jemne-s-vlakninou-itemid-64ca0b7cba162577de48837d",
      "image_url": "https://imageproxy.wolt.com/menu/menu-images/63ad795db242366d1f818f36/8e8ba556-be3e-11f0-90c6-2aae08339d60_23817920.jpg",
      "categories": [
        "TRVANLIVÉ",
        "MÜSLI A CEREÁLIE"
      ],
      "prices": [
        {
          "store_name": "Albert",
          "price": 29.9,
          "original_price": null,
          "unit_price": 59.8,
          "unit": "Kg",
          "package_size": "500 g",
          "condition": null
        }
      ],
      "description": null
    },
    {
      "name": "Ahmad Tea Zelený čaj jasmínový sypaný",
      "brand": "Ahmad",
      "product_url": "https://wolt.com/cs/cze/prague/venue/albert-vinohradska/ahmad-tea-zeleny-caj-jasminovy-sypany-itemid-64ca0b7cba162577de489e37",
      "image_url": "https://imageproxy.wolt.com/menu/menu-images/64ffec4406cca0140dfab831/14b6b5d2-8eb0-11ee-be2c-f2309c23f2b6_23629851.jpg",
      "categories": [
        "NÁPOJE",
        "KÁVA A ČAJ"
      ],
      "prices": [
        {
          "store_name": "Albert",
          "price": 126.5,
          "original_price": null,
          "unit_price": 1265.0,
          "unit": "Kg",
          "package_size": "100 g",
          "condition": null
        }
      ],
      "description": null
    },
    {
      "name": "Bonitas Bio Kešu ořechy",
      "brand": "Bonitas",
      "product_url": "https://wolt.com/cs/cze/prague/venue/albert-vinohradska/bonitas-bio-kesu-orechy-itemid-64ca0b7cba162577de489b56",
      "image_url": "https://imageproxy.wolt.com/menu/menu-images/64ffec4406cca0140dfab831/a388b7e2-8ec4-11ee-88a2-bad10d590585_27483183.jpg",
      "categories": [
        "OVOCE A ZELENINA",
        "SUCHÉ PLODY"
      ],
      "prices": [
        {
          "store_name": "Albert",
          "price": 63.2,
          "original_price": null,
          "unit_price": 632.0,
          "unit": "Kg",
          "package_size": "100 g",
          "condition": null
        }
      ],
      "description": null
    },
    {
      "name": "Figaro Čokopiškoty s příchutí meruňky",
      "brand": "Figaro",
      "product_url": "https://wolt.com/cs/cze/prague/venue/albert-vinohradska/figaro-cokopiskoty-s-prichuti-merunky-itemid-64ca0b7cba162577de489cd5",
      "image_url": "https://imageproxy.wolt.com/menu/menu-images/63ad795db242366d1f818f36/b20e1e2e-f8ef-11ef-bb3d-9af96452340d_22030252.jpg",
      "categories": [
        "TRVANLIVÉ",
        "SLADKOSTI"
      ],
      "prices": [
        {
          "store_name": "Albert",
          "price": 44.9,
          "original_price": null,
          "unit_price": 305.44,
          "unit": "Kg",
          "package_size": "147 g",
          "condition": null
        }
      ],
      "description": null
    },
    {
      "name": "Lovepet Kapsa pro psy, hovězí v omáčce",
      "brand": "Lovepet",
      "product_url": "https://wolt.com/cs/cze/prague/venue/albert-vinohradska/lovepet-kapsa-pro-psy-hovezi-v-omacce-itemid-64ca0b7cba162577de48a1ca",
      "image_url": "https://imageproxy.wolt.com/menu/menu-images/63ad795db242366d1f818f36/310ade62-d671-11ee-b08e-06a43c8f26c8_26444352.jpg",
      "categories": [
        "ZVÍŘATA",
        "PSI"
      ],
      "prices": [
        {
          "store_name": "Albert",
          "price": 10.9,
          "original_price": null,
          "unit_price": 109.0,
          "unit": "Kg",
          "package_size": "100 g",
          "condition": null
        }
      ],
      "description": null
    },
    {
      "name": "Pantene Pro-V Keratin Repair & Protect olej",
      "brand": "Pantene",
      "product_url": "https://wolt.com/cs/cze/prague/venue/albert-vinohradska/pantene-pro-v-keratin-repair-protect-olej-itemid-64ca0b7cba162577de48a3e1",
      "image_url": "https://imageproxy.wolt.com/menu/menu-images/63ad795db242366d1f818f36/fe05d686-7a83-11ef-88f3-8e8251ff279e_27379134.jpg",
      "categories": [
        "DROGERIE A KOSMETIKA",
        "PÉČE O VLASY"
      ],
      "prices": [
        {
          "store_name": "Albert",
          "price": 179.0,
          "original_price": null,
          "unit_price": 1790.0,
          "unit": "l",
          "package_size": "100 ml",
          "condition": null
        }
      ],
      "description": null
    },
    {
      "name": "Rama 100% rostlinná alternativa, slaná",
      "brand": "Rama",
      "product_url": "https://wolt.com/cs/cze/prague/venue/albert-vinohradska/rama-100-rostlinna-alternativa-slana-itemid-64ca0b7cba162577de48a44f",
      "image_url": "https://imageproxy.wolt.com/menu/menu-images/63ad795db242366d1f818f36/73007abe-f0d1-11ee-844f-7e84cb2fe749_27751244.jpg",
      "categories": [
        "MLÉČNÉ A CHLAZENÉ",
        "MÁSLO A TUKY"
      ],
      "prices": [
        {
          "store_name": "Albert",
          "price": 59.9,
          "original_price": null,
          "unit_price": 299.5,
          "unit": "Kg",
          "package_size": "200 g",
          "condition": null
        }
      ],
      "description": null
    },
    {
      "name": "Nutrilon Advanced 3, 12-24 měsíců",
      "brand": "Nutrilon",
      "product_url": "https://wolt.com/cs/cze/prague/venue/albert-vinohradska/nutrilon-advanced-3-12-24-mesicu-itemid-64ca0b7cba162577de489c54",
      "image_url": "https://imageproxy.wolt.com/menu/menu-images/64ffec4406cca0140dfab831/f069f6f0-8eb2-11ee-9822-865f2970631c_24906678.jpg",
      "categories": [
        "DÍTĚ",
        "VÝŽIVA"
      ],
      "prices": [
        {
          "store_name": "Albert",
          "price": null,
          "original_price": null,
          "unit_price": 497.5,
          "unit": "Kg",
          "package_size": "800 g",
          "condition": "Sleva"
        }
      ],
      "description": null
    },
    {
      "name": "Kachní prsa chlazená s kostí a kůží",
      "brand": "Kachní",
      "product_url": "https://wolt.com/cs/cze/prague/venue/albert-vinohradska/kachni-prsa-chlazena-s-kosti-a-kuzi-itemid-64ca0b7cba162577de489956",
      "image_url": "https://imageproxy.wolt.com/menu/menu-images/64ffec4406cca0140dfab831/11eca76a-8ead-11ee-bd6d-12ad6b72684e_20455965.jpg",
      "categories": [
        "MASO A RYBY",
        "DRŮBEŽ"
      ],
      "prices": [
        {
          "store_name": "Albert",
          "price": 174.96,
          "original_price": null,
          "unit_price": null,
          "unit": null,
          "package_size": null,
          "condition": null
        }
      ],
      "description": null
    },
    {
      "name": "Velkopopovický Kozel tmavé výčepní",
      "brand": "Velkopopovický Kozel",
      "product_url": "https://wolt.com/cs/cze/prague/venue/albert-vinohradska/velkopopovicky-kozel-tmave-vycepni-itemid-64ca0b7cba162577de4889d9",
      "image_url": "https://imageproxy.wolt.com/menu/menu-images/64ffec4406cca0140dfab831/70e812ae-8eb7-11ee-96d7-b287692f5450_25932591.jpg",
      "categories": [
        "NÁPOJE",
        "PIVA"
      ],
      "prices": [
        {
          "store_name": "Albert",
          "price": 17.9,
          "original_price": null,
          "unit_price": 35.8,
          "unit": "l",
          "package_size": "500 ml, 3,8% alc",
          "condition": "18+"
        }
      ],
      "description": null
    },
    {
      "name": "Bohemia Sekt Ice Demi Sec šumivé víno bílé",
      "brand": "Bohemia",
      "product_url": "https://wolt.com/cs/cze/prague/venue/albert-vinohradska/bohemia-sekt-ice-demi-sec-sumive-vino-bile-itemid-657233256818b938df948949",
      "image_url": "https://imageproxy.wolt.com/menu/menu-images/64ffec4406cca0140dfab831/3279910c-8ec4-11ee-acf8-aafe14bdbae5_27450888.jpg",
      "categories": [
        "NÁPOJE",
        "VÍNA"
      ],
      "prices": [
        {
          "store_name": "Albert",
          "price": 69.9,
          "original_price": null,
          "unit_price": 349.5,
          "unit": "l",
          "package_size": "200 ml, 11% alc",
          "condition": "18+, Vyprodáno"
        }
      ],
      "description": null
    },
    {
      "name": "Strouhanka z kukuřičných vloček",
      "brand": "Strouhanka",
      "product_url": "https://wolt.com/cs/cze/prague/venue/albert-vinohradska/strouhanka-z-kukuricnych-vlocek-itemid-64ca0b7cba162577de488837",
      "image_url": "https://imageproxy.wolt.com/menu/menu-images/64ffec4406cca0140dfab831/57d0ab32-8eb7-11ee-8122-fe2992cf6bd0_25926620.jpg",
      "categories": [
        "PEKÁRNA A CUKRÁRNA",
        "STROUHANKA"
      ],
      "prices": [
        {
          "store_name": "Albert",
          "price": 48.9,
          "original_price": null,
          "unit_price": 122.25,
          "unit": "Kg",
          "package_size": "400 g",
          "condition": null
        }
      ],
      "description": null
    },
    {
      "name": "Emma Zázvor proslazený",
      "brand": "Emma",
      "product_url": "https://wolt.com/cs/cze/prague/venue/albert-vinohradska/emma-zazvor-proslazeny-itemid-64ca0b7cba162577de489987",
      "image_url": "https://imageproxy.wolt.com/menu/menu-images/63ad795db242366d1f818f36/f1d3ed52-ed43-11ef-9e8f-7ac36b54a0c5_26257846.jpg",
      "categories": [
        "OVOCE A ZELENINA",
        "SUCHÉ PLODY"
      ],
      "prices": [
        {
          "store_name": "Albert",
          "price": 44.9,
          "original_price": null,
          "unit_price": 299.33,
          "unit": "Kg",
          "package_size": "150 g",
          "condition": null
        }
      ],
      "description": null
    },
    {
      "name": "Pantene Repair Masque maska pro obnovu vlasů",
      "brand": "Pantene",
      "product_url": "https://wolt.com/cs/cze/prague/venue/albert-vinohradska/pantene-repair-masque-maska-pro-obnovu-vlasu-itemid-64ca0b7cba162577de489cc9",
      "image_url": "https://imageproxy.wolt.com/menu/menu-images/63ad795db242366d1f818f36/06712014-7a84-11ef-9b15-e6c4d2b4d4ce_25229363.jpg",
      "categories": [
        "DROGERIE A KOSMETIKA",
        "PÉČE O VLASY"
      ],
      "prices": [
        {
          "store_name": "Albert",
          "price": 129.9,
          "original_price": null,
          "unit_price": 433.0,
          "unit": "l",
          "package_size": "300 ml",
          "condition": null
        }
      ],
      "description": null
    },
    {
      "name": "Nature's Promise Bio Polévka Pomodoro",
      "brand": "Nature's Promise",
      "product_url": "https://wolt.com/cs/cze/prague/venue/albert-vinohradska/nature-s-promise-bio-polevka-pomodoro-itemid-64ca0b7cba162577de48973c",
      "image_url": "https://imageproxy.wolt.com/menu/menu-images/64ffec4406cca0140dfab831/bb7f55b0-8ec7-11ee-a50e-62169a0e6c38_27673805.jpg",
      "categories": [
        "UZENINY A LAHŮDKY",
        "HOTOVKY A PŘÍLOHY"
      ],
      "prices": [
        {
          "store_name": "Albert",
          "price": null,
          "original_price": null,
          "unit_price": 91.5,
          "unit": "Kg",
          "package_size": "600 g",
          "condition": "Sleva"
        }
      ],
      "description": null
    },
    {
      "name": "Adriana Pasta Funghetto",
      "brand": "Adriana",
      "product_url": "https://wolt.com/cs/cze/prague/venue/albert-vinohradska/adriana-pasta-funghetto-itemid-64ca0b7cba162577de48965a",
      "image_url": "https://imageproxy.wolt.com/menu/menu-images/64ffec4406cca0140dfab831/f1b9f24e-8ead-11ee-bc5e-96106fe39af5_21460111.jpg",
      "categories": [
        "TRVANLIVÉ",
        "TĚSTOVINY A KUSKUS"
      ],
      "prices": [
        {
          "store_name": "Albert",
          "price": 49.9,
          "original_price": null,
          "unit_price": 99.8,
          "unit": "Kg",
          "package_size": "500 g",
          "condition": null
        }
      ],
      "description": null
    },
    {
      "name": "Hello Ovocná přesnídávka s malinami",
      "brand": "Hello",
      "product_url": "https://wolt.com/cs/cze/prague/venue/albert-vinohradska/hello-ovocna-presnidavka-s-malinami-itemid-64ca0b7cba162577de4885cb",
      "image_url": "https://imageproxy.wolt.com/menu/menu-images/63ad795db242366d1f818f36/51cb7bd6-7826-11f0-8f73-92b75d278206_26897585.jpg",
      "categories": [
        "DÍTĚ",
        "VÝŽIVA"
      ],
      "prices": [
        {
          "store_name": "Albert",
          "price": 7.9,
          "original_price": null,
          "unit_price": 79.0,
          "unit": "Kg",
          "package_size": "100 g",
          "condition": null
        }
      ],
      "description": null
    },
    {
      "name": "Apetito se šunkou",
      "brand": "Apetito",
      "product_url": "https://wolt.com/cs/cze/prague/venue/albert-vinohradska/apetito-se-sunkou-itemid-657233256818b938df947c06",
      "image_url": "https://imageproxy.wolt.com/menu/menu-images/64ffec4406cca0140dfab831/a5fe3c32-8ec8-11ee-a0d9-2e111157d385_27728475.jpg",
      "categories": [
        "MLÉČNÉ A CHLAZENÉ",
        "SÝRY"
      ],
      "prices": [
        {
          "store_name": "Albert",
          "price": 49.9,
          "original_price": null,
          "unit_price": 356.43,
          "unit": "Kg",
          "package_size": "140 g",
          "condition": null
        }
      ],
      "description": null
    },
    {
      "name": "Nature's Promise Bio Olej extra panenský olivový",
      "brand": "Nature's Promise",
      "product_url": "https://wolt.com/cs/cze/prague/venue/albert-vinohradska/nature-s-promise-bio-olej-extra-panensky-olivovy-itemid-64ca0b7cba162577de488ffe",
      "image_url": "https://imageproxy.wolt.com/menu/menu-images/63ad795db242366d1f818f36/285da66a-ed44-11ef-81d2-8eee154acdb0_27315927.jpg",
      "categories": [
        "TRVANLIVÉ",
        "OLEJE A OCTY"
      ],
      "prices": [
        {
          "store_name": "Albert",
          "price": null,
          "original_price": null,
          "unit_price": 279.8,
          "unit": "l",
          "package_size": "500 ml",
          "condition": "Sleva"
        }
      ],
      "description": null
    },
    {
      "name": "Sunar rozpustný nápoj hruškový s meduňkou",
      "brand": "Sunar",
      "product_url": "https://wolt.com/cs/cze/prague/venue/albert-vinohradska/sunar-rozpustny-napoj-hruskovy-s-medunkou-itemid-64ca0b7cba162577de489f43",
      "image_url": "https://imageproxy.wolt.com/menu/menu-images/64ffec4406cca0140dfab831/a3efc59c-8eb3-11ee-88be-224a9e8cb6c6_25090048.jpg",
      "categories": [
        "DÍTĚ",
        "VÝŽIVA"
      ],
      "prices": [
        {
          "store_name": "Albert",
          "price": 79.9,
          "original_price": null,
          "unit_price": 399.5,
          "unit": "Kg",
          "package_size": "200 g",
          "condition": null
        }
      ],
      "description": null
    },
    {
      "name": "Gliss Ultimate Repair posilující balzám",
      "brand": "Gliss",
      "product_url": "https://wolt.com/cs/cze/prague/venue/albert-vinohradska/gliss-ultimate-repair-posilujici-balzam-itemid-64ca0b7cba162577de489f2b",
      "image_url": "https://imageproxy.wolt.com/menu/menu-images/64ffec4406cca0140dfab831/3903787c-8eb4-11ee-98ad-aa70cbf91f77_25260885.jpg",
      "categories": [
        "DROGERIE A KOSMETIKA",
        "PÉČE O VLASY"
      ],
      "prices": [
        {
          "store_name": "Albert",
          "price": 99.9,
          "original_price": null,
          "unit_price": 499.5,
          "unit": "l",
          "package_size": "200 ml",
          "condition": null
        }
      ],
      "description": null
    },
    {
      "name": "Viňa Tarapacá Cabernet Sauvignon",
      "brand": "Viňa",
      "product_url": "https://wolt.com/cs/cze/prague/venue/albert-vinohradska/vina-tarapaca-cabernet-sauvignon-itemid-64ca0b7cba162577de4887dd",
      "image_url": "https://imageproxy.wolt.com/menu/menu-images/64ffec4406cca0140dfab831/a60908d4-8eae-11ee-94d3-c27bf70975f2_22635150.jpg",
      "categories": [
        "NÁPOJE",
        "VÍNA"
      ],
      "prices": [
        {
          "store_name": "Albert",
          "price": 209.0,
          "original_price": null,
          "unit_price": 278.67,
          "unit": "l",
          "package_size": "750 ml, 13,5% alc",
          "condition": "18+"
        }
      ],
      "description": null
    },
    {
      "name": "Aquila Tea broskev černý čaj",
      "brand": "Aquila",
      "product_url": "https://wolt.com/cs/cze/prague/venue/albert-vinohradska/aquila-tea-broskev-cerny-caj-itemid-64ca0b7cba162577de4889f9",
      "image_url": "https://imageproxy.wolt.com/menu/menu-images/64ffec4406cca0140dfab831/3c67324e-8ead-11ee-b453-f2a93e51b7a9_20717315.jpg",
      "categories": [
        "NÁPOJE",
        "LIMONÁDY"
      ],
      "prices": [
        {
          "store_name": "Albert",
          "price": 34.9,
          "original_price": null,
          "unit_price": 23.27,
          "unit": "l",
          "package_size": "1,5 l",
          "condition": null
        }
      ],
      "description": null
    },
    {
      "name": "Lavazza Qualità Oro mletá káva",
      "brand": "Lavazza",
      "product_url": "https://wolt.com/cs/cze/prague/venue/albert-vinohradska/lavazza-qualita-oro-mleta-kava-itemid-64ca0b7cba162577de48a0b3",
      "image_url": "https://imageproxy.wolt.com/menu/menu-images/64ffec4406cca0140dfab831/82763086-8eb8-11ee-8de2-f676b94e1855_26114088.jpg",
      "categories": [
        "NÁPOJE",
        "KÁVA A ČAJ"
      ],
      "prices": [
        {
          "store_name": "Albert",
          "price": 249.0,
          "original_price": null,
          "unit_price": 996.0,
          "unit": "Kg",
          "package_size": "250 g",
          "condition": null
        }
      ],
      "description": null
    },
    {
      "name": "Nature's Promise Věnečky kakaové bez lepku",
      "brand": "Nature's Promise",
      "product_url": "https://wolt.com/cs/cze/prague/venue/albert-vinohradska/nature-s-promise-venecky-kakaove-bez-lepku-itemid-64ca0b7cba162577de4897ac",
      "image_url": "https://imageproxy.wolt.com/menu/menu-images/64ffec4406cca0140dfab831/9b78f380-8ebc-11ee-a061-76bc1f0dfb09_26850757.jpg",
      "categories": [
        "TRVANLIVÉ",
        "SLADKOSTI"
      ],
      "prices": [
        {
          "store_name": "Albert",
          "price": null,
          "original_price": null,
          "unit_price": 279.0,
          "unit": "Kg",
          "package_size": "100 g",
          "condition": "Sleva"
        }
      ],
      "description": null
    },
    {
      "name": "Lučina Svěží s pažitkou",
      "brand": "Lučina",
      "product_url": "https://wolt.com/cs/cze/prague/venue/albert-vinohradska/lucina-svezi-s-pazitkou-itemid-657233256818b938df947865",
      "image_url": "https://imageproxy.wolt.com/menu/menu-images/63ad795db242366d1f818f36/90061346-8e26-11f0-8f47-a6ed6f7bcb60_27627273.jpg",
      "categories": [
        "MLÉČNÉ A CHLAZENÉ",
        "SÝRY"
      ],
      "prices": [
        {
          "store_name": "Albert",
          "price": null,
          "original_price": null,
          "unit_price": 273.75,
          "unit": "Kg",
          "package_size": "80 g",
          "condition": "Sleva"
        }
      ],
      "description": null
    },
    {
      "name": "HiPP Bio ovocná tyčinka banán, višeň a jogurt",
      "brand": "HiPP",
      "product_url": "https://wolt.com/cs/cze/prague/venue/albert-vinohradska/hipp-bio-ovocna-tycinka-banan-visen-a-jogurt-itemid-657233256818b938df9479c4",
      "image_url": "https://imageproxy.wolt.com/menu/menu-images/64ffec4406cca0140dfab831/066addc8-8ebf-11ee-9de0-a6b73cfda2ad_27086209.jpg",
      "categories": [
        "DÍTĚ",
        "VÝŽIVA"
      ],
      "prices": [
        {
          "store_name": "Albert",
          "price": 22.9,
          "original_price": null,
          "unit_price": 995.65,
          "unit": "Kg",
          "package_size": "23 g",
          "condition": null
        }
      ],
      "description": null
    },
    {
      "name": "Albert Uzená vepřová krkovice",
      "brand": "Albert",
      "product_url": "https://wolt.com/cs/cze/prague/venue/albert-vinohradska/albert-uzena-veprova-krkovice-itemid-64ca0b7cba162577de488b15",
      "image_url": "https://imageproxy.wolt.com/menu/menu-images/64ffec4406cca0140dfab831/f1856544-8eba-11ee-94d8-ca3c3355ab39_26700977.jpg",
      "categories": [
        "MASO A RYBY",
        "VEPŘOVÉ"
      ],
      "prices": [
        {
          "store_name": "Albert",
          "price": null,
          "original_price": null,
          "unit_price": null,
          "unit": null,
          "package_size": null,
          "condition": "Sleva, Vyprodáno"
        }
      ],
      "description": null
    },
    {
      "name": "Emma Go Nuts Mix solený",
      "brand": "Emma",
      "product_url": "https://wolt.com/cs/cze/prague/venue/albert-vinohradska/emma-go-nuts-mix-soleny-itemid-64ca0b7cba162577de4898a6",
      "image_url": "https://imageproxy.wolt.com/menu/menu-images/63ad795db242366d1f818f36/e74fe43e-7827-11f0-a8c5-ba80eada4c41_27538210.jpg",
      "categories": [
        "TRVANLIVÉ",
        "SLANÉ"
      ],
      "prices": [
        {
          "store_name": "Albert",
          "price": 24.9,
          "original_price": null,
          "unit_price": 415.0,
          "unit": "Kg",
          "package_size": "60 g",
          "condition": null
        }
      ],
      "description": null
    },
    {
      "name": "L'OR Colombia zrnková káva",
      "brand": "L'OR",
      "product_url": "https://wolt.com/cs/cze/prague/venue/albert-vinohradska/l-or-colombia-zrnkova-kava-itemid-64ca0b7cba162577de48a556",
      "image_url": "https://imageproxy.wolt.com/menu/menu-images/64ffec4406cca0140dfab831/9376e5fc-8ec1-11ee-982d-6aec994b6205_27255964.jpg",
      "categories": [
        "NÁPOJE",
        "KÁVA A ČAJ"
      ],
      "prices": [
        {
          "store_name": "Albert",
          "price": 399.0,
          "original_price": null,
          "unit_price": 798.0,
          "unit": "Kg",
          "package_size": "500 g",
          "condition": "Vyprodáno"
        }
      ],
      "description": null
    },
    {
      "name": "Whiskas Granule plněné s hovězím",
      "brand": "Whiskas",
      "product_url": "https://wolt.com/cs/cze/prague/venue/albert-vinohradska/whiskas-granule-plnene-s-hovezim-itemid-64ca0b7cba162577de488985",
      "image_url": "https://imageproxy.wolt.com/menu/menu-images/64ffec4406cca0140dfab831/c4c73af6-8eaf-11ee-84ee-56164190c6db_23512504.jpg",
      "categories": [
        "ZVÍŘATA",
        "KOČKY"
      ],
      "prices": [
        {
          "store_name": "Albert",
          "price": 109.9,
          "original_price": null,
          "unit_price": 78.5,
          "unit": "Kg",
          "package_size": "1,4 kg",
          "condition": null
        }
      ],
      "description": null
    },
    {
      "name": "Kitbis Bonbony Cola",
      "brand": "Kitbis",
      "product_url": "https://wolt.com/cs/cze/prague/venue/albert-vinohradska/kitbis-bonbony-cola-itemid-64ca0b7cba162577de4895c3",
      "image_url": "https://imageproxy.wolt.com/menu/menu-images/63ad795db242366d1f818f36/862b0c10-bbe4-11ef-b3f4-1e0bf7c32c80_24790697.jpg",
      "categories": [
        "TRVANLIVÉ",
        "SLADKOSTI"
      ],
      "prices": [
        {
          "store_name": "Albert",
          "price": 14.9,
          "original_price": null,
          "unit_price": 149.0,
          "unit": "Kg",
          "package_size": "100 g",
          "condition": null
        }
      ],
      "description": null
    },
    {
      "name": "Pampers Premium Care pleny velikost 4",
      "brand": "Pampers",
      "product_url": "https://wolt.com/cs/cze/prague/venue/albert-vinohradska/pampers-premium-care-pleny-velikost-4-itemid-64ca0b7cba162577de489fe6",
      "image_url": "https://imageproxy.wolt.com/menu/menu-images/63ad795db242366d1f818f36/8cd41b6c-10f7-11ef-acdf-66f093f40709_27125991.jpg",
      "categories": [
        "DÍTĚ",
        "PLENY A PODLOŽKY"
      ],
      "prices": [
        {
          "store_name": "Albert",
          "price": null,
          "original_price": null,
          "unit_price": 9.18,
          "unit": "ks",
          "package_size": "‪38‬ kusů",
          "condition": "Sleva"
        }
      ],
      "description": null
    },
    {
      "name": "Patak's Tikka Rajčatová omáčka s koriandrem",
      "brand": "Patak's",
      "product_url": "https://wolt.com/cs/cze/prague/venue/albert-vinohradska/patak-s-tikka-rajcatova-omacka-s-koriandrem-itemid-64ca0b7cba162577de48a37e",
      "image_url": "https://imageproxy.wolt.com/menu/menu-images/64ffec4406cca0140dfab831/61e5f93a-8ec4-11ee-b1bb-1601976705be_27470251.jpg",
      "categories": [
        "TRVANLIVÉ",
        "MEZINÁRODNÍ KUCHYNĚ"
      ],
      "prices": [
        {
          "store_name": "Albert",
          "price": 93.9,
          "original_price": null,
          "unit_price": 208.67,
          "unit": "Kg",
          "package_size": "450 g",
          "condition": null
        }
      ],
      "description": null
    },
    {
      "name": "3Bit tyčinka se sušenkou v mléčné čokoládě",
      "brand": "3Bit",
      "product_url": "https://wolt.com/cs/cze/prague/venue/albert-vinohradska/3bit-tycinka-se-susenkou-v-mlecne-cokolade-itemid-64ca0b7cba162577de4883b3",
      "image_url": "https://imageproxy.wolt.com/menu/menu-images/64ffec4406cca0140dfab831/5e9706b8-8eae-11ee-bdc9-361f92ce8d2c_22252333.jpg",
      "categories": [
        "TRVANLIVÉ",
        "SLADKOSTI"
      ],
      "prices": [
        {
          "store_name": "Albert",
          "price": null,
          "original_price": null,
          "unit_price": 367.39,
          "unit": "Kg",
          "package_size": "46 g",
          "condition": "Sleva"
        }
      ],
      "description": null
    },
    {
      "name": "Pepsi Cola",
      "brand": "Pepsi",
      "product_url": "https://wolt.com/cs/cze/prague/venue/albert-vinohradska/pepsi-cola-itemid-64ca0b7cba162577de48827f",
      "image_url": "https://imageproxy.wolt.com/menu/menu-images/63ad795db242366d1f818f36/584ebdd2-e818-11ee-9ccb-e63576f4a113_25884548.jpg",
      "categories": [
        "NÁPOJE",
        "LIMONÁDY"
      ],
      "prices": [
        {
          "store_name": "Albert",
          "price": 34.9,
          "original_price": null,
          "unit_price": 15.51,
          "unit": "l",
          "package_size": "2,25 l",
          "condition": null
        }
      ],
      "description": null
    },
    {
      "name": "Starbucks Blonde Espresso Roast kapsle",
      "brand": "Starbucks",
      "product_url": "https://wolt.com/cs/cze/prague/venue/albert-vinohradska/starbucks-blonde-espresso-roast-kapsle-itemid-64ca0b7cba162577de48a634",
      "image_url": "https://imageproxy.wolt.com/menu/menu-images/64ffec4406cca0140dfab831/5bac8230-8ec1-11ee-98d8-261fd742ff1a_27244753.jpg",
      "categories": [
        "NÁPOJE",
        "KÁVA A ČAJ"
      ],
      "prices": [
        {
          "store_name": "Albert",
          "price": 119.9,
          "original_price": null,
          "unit_price": 11.99,
          "unit": "ks",
          "package_size": "‪10‬ kusů",
          "condition": null
        }
      ],
      "description": null
    },
    {
      "name": "Orion Studentská pečeť mléčná malina",
      "brand": "Orion",
      "product_url": "https://wolt.com/cs/cze/prague/venue/albert-vinohradska/orion-studentska-pecet-mlecna-malina-itemid-64ca0b7cba162577de488401",
      "image_url": "https://imageproxy.wolt.com/menu/menu-images/63ad795db242366d1f818f36/95b18ea8-aef6-11ee-ab32-56311d2db157_25238167.jpg",
      "categories": [
        "TRVANLIVÉ",
        "SLADKOSTI"
      ],
      "prices": [
        {
          "store_name": "Albert",
          "price": 69.9,
          "original_price": null,
          "unit_price": 411.18,
          "unit": "Kg",
          "package_size": "170 g",
          "condition": null
        }
      ],
      "description": null
    },
    {
      "name": "Schwartau Extra džem meruňkový",
      "brand": "Schwartau",
      "product_url": "https://wolt.com/cs/cze/prague/venue/albert-vinohradska/schwartau-extra-dzem-merunkovy-itemid-64ca0b7cba162577de48911f",
      "image_url": "https://imageproxy.wolt.com/menu/menu-images/63ad795db242366d1f818f36/8514bd54-aef6-11ee-9388-9268d6f2801f_22574916.jpg",
      "categories": [
        "TRVANLIVÉ",
        "MEDY A SL. POMAZÁNKY"
      ],
      "prices": [
        {
          "store_name": "Albert",
          "price": 106.9,
          "original_price": null,
          "unit_price": 314.41,
          "unit": "Kg",
          "package_size": "340 g",
          "condition": null
        }
      ],
      "description": null
    },
    {
      "name": "Tiger Kaktus",
      "brand": "Tiger",
      "product_url": "https://wolt.com/cs/cze/prague/venue/albert-vinohradska/tiger-kaktus-itemid-64ca0b7cba162577de489a1b",
      "image_url": "https://imageproxy.wolt.com/menu/menu-images/64ffec4406cca0140dfab831/99547cfa-8ec1-11ee-9477-6e71a63f1558_27256961.jpg",
      "categories": [
        "NÁPOJE",
        "ENERGY NÁPOJE"
      ],
      "prices": [
        {
          "store_name": "Albert",
          "price": 16.9,
          "original_price": null,
          "unit_price": 33.8,
          "unit": "l",
          "package_size": "500 ml",
          "condition": null
        }
      ],
      "description": null
    },
    {
      "name": "Albert Vanilkový cukr",
      "brand": "Albert",
      "product_url": "https://wolt.com/cs/cze/prague/venue/albert-vinohradska/albert-vanilkovy-cukr-itemid-64ca0b7cba162577de48835d",
      "image_url": "https://imageproxy.wolt.com/menu/menu-images/64ffec4406cca0140dfab831/4f346708-8ec5-11ee-8997-f20dec45ea3c_27534564.jpg",
      "categories": [
        "TRVANLIVÉ",
        "PEČENÍ A VAŘENÍ"
      ],
      "prices": [
        {
          "store_name": "Albert",
          "price": 4.6,
          "original_price": null,
          "unit_price": 575.0,
          "unit": "Kg",
          "package_size": "8 g",
          "condition": null
        }
      ],
      "description": null
    },
    {
      "name": "Tatra Swift Mléko plnotučné 3,5% trvanlivé",
      "brand": "Tatra",
      "product_url": "https://wolt.com/cs/cze/prague/venue/albert-vinohradska/tatra-swift-mleko-plnotucne-3-5-trvanlive-itemid-64ca0b7cba162577de48956a",
      "image_url": "https://imageproxy.wolt.com/menu/menu-images/64ffec4406cca0140dfab831/8cc63aae-8eb3-11ee-b890-2e3db4b64128_25062410.jpg",
      "categories": [
        "MLÉČNÉ A CHLAZENÉ",
        "MLÉČNÉ NÁPOJE"
      ],
      "prices": [
        {
          "store_name": "Albert",
          "price": 35.9,
          "original_price": null,
          "unit_price": 35.9,
          "unit": "l",
          "package_size": "1 l",
          "condition": null
        }
      ],
      "description": null
    },
    {
      "name": "Tatra Swift Mléko polotučné 1,5% trvanlivé",
      "brand": "Tatra",
      "product_url": "https://wolt.com/cs/cze/prague/venue/albert-vinohradska/tatra-swift-mleko-polotucne-1-5-trvanlive-itemid-64ca0b7cba162577de4895c5",
      "image_url": "https://imageproxy.wolt.com/menu/menu-images/64ffec4406cca0140dfab831/1ef6d43c-8eb0-11ee-9668-76e61dd676ec_23667921.jpg",
      "categories": [
        "MLÉČNÉ A CHLAZENÉ",
        "MLÉČNÉ NÁPOJE"
      ],
      "prices": [
        {
          "store_name": "Albert",
          "price": 32.9,
          "original_price": null,
          "unit_price": 32.9,
          "unit": "l",
          "package_size": "1 l",
          "condition": null
        }
      ],
      "description": null
    },
    {
      "name": "Acidofilní mléko plnotučné",
      "brand": "Acidofilní",
      "product_url": "https://wolt.com/cs/cze/prague/venue/albert-vinohradska/acidofilni-mleko-plnotucne-itemid-64ca0b7cba162577de4895c9",
      "image_url": "https://imageproxy.wolt.com/menu/menu-images/64ffec4406cca0140dfab831/d8509dbc-8ead-11ee-bae7-f6745e48ee46_21369056.jpg",
      "categories": [
        "MLÉČNÉ A CHLAZENÉ",
        "MLÉČNÉ NÁPOJE"
      ],
      "prices": [
        {
          "store_name": "Albert",
          "price": 28.9,
          "original_price": null,
          "unit_price": 57.8,
          "unit": "Kg",
          "package_size": "500 g",
          "condition": null
        }
      ],
      "description": null
    },
    {
      "name": "La Grande Celebration Brut Sect",
      "brand": "La",
      "product_url": "https://wolt.com/cs/cze/prague/venue/albert-vinohradska/la-grande-celebration-brut-sect-itemid-64ca0b7cba162577de48928d",
      "image_url": "https://imageproxy.wolt.com/menu/menu-images/63ad795db242366d1f818f36/1fa12f56-bbe4-11ef-ae44-5eb82a0be1ad_27516133.jpg",
      "categories": [
        "NÁPOJE",
        "VÍNA"
      ],
      "prices": [
        {
          "store_name": "Albert",
          "price": 89.9,
          "original_price": null,
          "unit_price": 119.87,
          "unit": "l",
          "package_size": "750 ml, 11% alc",
          "condition": "18+"
        }
      ],
      "description": null
    },
    {
      "name": "Jarošovská IPA 15%",
      "brand": "Jarošovská",
      "product_url": "https://wolt.com/cs/cze/prague/venue/albert-vinohradska/jarosovska-ipa-15-itemid-6601eb13d916113bcf2e2bd2",
      "image_url": "https://imageproxy.wolt.com/menu/menu-images/6601c613e48d1c8d95333085/edcef3c2-eae3-11ee-bc7a-66a4d0af098d_27298787.jpg",
      "categories": [
        "NÁPOJE",
        "PIVA"
      ],
      "prices": [
        {
          "store_name": "Albert",
          "price": 106.9,
          "original_price": null,
          "unit_price": 142.53,
          "unit": "l",
          "package_size": "750 ml, 6,5% alc",
          "condition": "18+"
        }
      ],
      "description": null
    },
    {
      "name": "Lučina Nadýchaná bez laktózy",
      "brand": "Lučina",
      "product_url": "https://wolt.com/cs/cze/prague/venue/albert-vinohradska/lucina-nadychana-bez-laktozy-itemid-64ca0b7cba162577de4888b3",
      "image_url": "https://imageproxy.wolt.com/menu/menu-images/63ad795db242366d1f818f36/087e64c4-0609-11ef-9f53-8a5a4f180873_26964737.jpg",
      "categories": [
        "MLÉČNÉ A CHLAZENÉ",
        "SÝRY"
      ],
      "prices": [
        {
          "store_name": "Albert",
          "price": 56.9,
          "original_price": null,
          "unit_price": 406.43,
          "unit": "Kg",
          "package_size": "140 g",
          "condition": null
        }
      ],
      "description": null
    },
    {
      "name": "Brambory červené konzumní pozdní",
      "brand": null,
      "product_url": "https://wolt.com/cs/cze/prague/venue/albert-vinohradska/brambory-cervene-konzumni-pozdni-itemid-6601f6c09d152df703bfcc60",
      "image_url": "https://imageproxy.wolt.com/menu/menu-images/63ad795db242366d1f818f36/fe2193ac-2b46-11f0-a0e8-5a6735c8222f_21924170.jpg",
      "categories": [
        "OVOCE A ZELENINA",
        "ZELENINA"
      ],
      "prices": [
        {
          "store_name": "Albert",
          "price": 44.9,
          "original_price": null,
          "unit_price": 22.45,
          "unit": "Kg",
          "package_size": "2 kg",
          "condition": null
        }
      ],
      "description": null
    },
    {
      "name": "Emma Ovesné vločky jemné",
      "brand": "Emma",
      "product_url": "https://wolt.com/cs/cze/prague/venue/albert-vinohradska/emma-ovesne-vlocky-jemne-itemid-681b5abffcbd67bf7a8f49fc",
      "image_url": "https://imageproxy.wolt.com/menu/menu-images/63ad795db242366d1f818f36/5c7e2910-2b47-11f0-8d14-1e4f01b2dfc5_27812532.jpg",
      "categories": [
        "TRVANLIVÉ",
        "MÜSLI A CEREÁLIE"
      ],
      "prices": [
        {
          "store_name": "Albert",
          "price": 19.9,
          "original_price": null,
          "unit_price": 39.8,
          "unit": "Kg",
          "package_size": "500 g",
          "condition": null
        }
      ],
      "description": null
    },
    {
      "name": "Nature's Promise Bio Cibule žlutá",
      "brand": "Nature's Promise",
      "product_url": "https://wolt.com/cs/cze/prague/venue/albert-vinohradska/nature-s-promise-bio-cibule-zluta-itemid-64ca0b7cba162577de4889ff",
      "image_url": "https://imageproxy.wolt.com/menu/menu-images/63ad795db242366d1f818f36/620c4366-8e26-11f0-8f47-a6ed6f7bcb60_24905961.jpg",
      "categories": [
        "OVOCE A ZELENINA",
        "ZELENINA"
      ],
      "prices": [
        {
          "store_name": "Albert",
          "price": null,
          "original_price": null,
          "unit_price": 19.8,
          "unit": "Kg",
          "package_size": "500 g",
          "condition": "Sleva, Vyprodáno"
        }
      ],
      "description": null
    },
    {
      "name": "Albert Excellent Tapas Fuet",
      "brand": "Albert Excellent",
      "product_url": "https://wolt.com/cs/cze/prague/venue/albert-vinohradska/albert-excellent-tapas-fuet-itemid-66022472af091defeca0d9ba",
      "image_url": "https://imageproxy.wolt.com/menu/menu-images/63ad795db242366d1f818f36/a117a668-8e26-11f0-aa17-22fbadb30f7d_27804582.jpg",
      "categories": [
        "UZENINY A LAHŮDKY",
        "TAPAS"
      ],
      "prices": [
        {
          "store_name": "Albert",
          "price": 79.0,
          "original_price": null,
          "unit_price": 1128.57,
          "unit": "Kg",
          "package_size": "70 g",
          "condition": null
        }
      ],
      "description": null
    },
    {
      "name": "Dream&Co Kornouty Slaný karamel",
      "brand": "Dream&Co",
      "product_url": "https://wolt.com/cs/cze/prague/venue/albert-vinohradska/dream-co-kornouty-slany-karamel-itemid-6876153a0c6218e9f3e5f47f",
      "image_url": "https://imageproxy.wolt.com/menu/menu-images/64b62ec5e5ab70cdc92e30f0/2b9e7f62-616f-11f0-8237-3a4e4072eb6b_27829400.jpg",
      "categories": [
        "MRAŽENÉ POTRAVINY",
        "ZMRZLINA A NANUKY"
      ],
      "prices": [
        {
          "store_name": "Albert",
          "price": 109.9,
          "original_price": null,
          "unit_price": 152.64,
          "unit": "l",
          "package_size": "720 ml",
          "condition": null
        }
      ],
      "description": null
    },
    {
      "name": "Gustona Ovocný koktejl",
      "brand": "Gustona",
      "product_url": "https://wolt.com/cs/cze/prague/venue/albert-vinohradska/gustona-ovocny-koktejl-itemid-651c873538aefa961b055c2c",
      "image_url": "https://imageproxy.wolt.com/menu/menu-images/64ffec4406cca0140dfab831/1b3e1de6-8eba-11ee-8f81-3a1814765055_26565606.jpg",
      "categories": [
        "TRVANLIVÉ",
        "KONZERVOVANÉ POTR."
      ],
      "prices": [
        {
          "store_name": "Albert",
          "price": 34.9,
          "original_price": null,
          "unit_price": 145.42,
          "unit": "Kg",
          "package_size": "240 g",
          "condition": null
        }
      ],
      "description": null
    },
    {
      "name": "Home Kitchen potravinová fólie",
      "brand": "Home",
      "product_url": "https://wolt.com/cs/cze/prague/venue/albert-vinohradska/home-kitchen-potravinova-folie-itemid-657233256818b938df9488b8",
      "image_url": "https://imageproxy.wolt.com/menu/menu-images/64ffec4406cca0140dfab831/76543100-8ecb-11ee-b409-3a31305f5e7c_27808863.jpg",
      "categories": [
        "DOMÁCNOST A ZAHRADA",
        "KUCHYŇSKÉ POTŘEBY"
      ],
      "prices": [
        {
          "store_name": "Albert",
          "price": 34.9,
          "original_price": null,
          "unit_price": 0.7,
          "unit": "ks",
          "package_size": "‪50‬ kusů",
          "condition": null
        }
      ],
      "description": null
    },
    {
      "name": "Opavia Miňonky caffé latté",
      "brand": "Opavia",
      "product_url": "https://wolt.com/cs/cze/prague/venue/albert-vinohradska/opavia-minonky-caffe-latte-itemid-64ca0b7cba162577de489140",
      "image_url": "https://imageproxy.wolt.com/menu/menu-images/64ffec4406cca0140dfab831/c23ac934-8eb3-11ee-8656-e2efa80c37b6_25133912.jpg",
      "categories": [
        "TRVANLIVÉ",
        "SLADKOSTI"
      ],
      "prices": [
        {
          "store_name": "Albert",
          "price": 18.9,
          "original_price": null,
          "unit_price": 378.0,
          "unit": "Kg",
          "package_size": "50 g",
          "condition": null
        }
      ],
      "description": null
    },
    {
      "name": "Madeta Lipno Tavený sýr se šunkou",
      "brand": "Madeta",
      "product_url": "https://wolt.com/cs/cze/prague/venue/albert-vinohradska/madeta-lipno-taveny-syr-se-sunkou-itemid-657233256818b938df94862e",
      "image_url": "https://imageproxy.wolt.com/menu/menu-images/64ffec4406cca0140dfab831/0e784b04-8eb0-11ee-8843-2e6db99b5925_23623781.jpg",
      "categories": [
        "MLÉČNÉ A CHLAZENÉ",
        "SÝRY"
      ],
      "prices": [
        {
          "store_name": "Albert",
          "price": 42.9,
          "original_price": null,
          "unit_price": 306.43,
          "unit": "Kg",
          "package_size": "140 g",
          "condition": null
        }
      ],
      "description": null
    },
    {
      "name": "Tchibo Exclusive Original pražená mletá káva",
      "brand": "Tchibo",
      "product_url": "https://wolt.com/cs/cze/prague/venue/albert-vinohradska/tchibo-exclusive-original-prazena-mleta-kava-itemid-64ca0b7cba162577de489ea4",
      "image_url": "https://imageproxy.wolt.com/menu/menu-images/63ad795db242366d1f818f36/a9ce9392-f8ef-11ef-8c96-463a8f59ca51_20319403.jpg",
      "categories": [
        "NÁPOJE",
        "KÁVA A ČAJ"
      ],
      "prices": [
        {
          "store_name": "Albert",
          "price": 224.0,
          "original_price": null,
          "unit_price": 896.0,
          "unit": "Kg",
          "package_size": "250 g",
          "condition": null
        }
      ],
      "description": null
    },
    {
      "name": "Dream&Co Kornouty Vanilka",
      "brand": "Dream&Co",
      "product_url": "https://wolt.com/cs/cze/prague/venue/albert-vinohradska/dream-co-kornouty-vanilka-itemid-6876153a0c6218e9f3e5f47e",
      "image_url": "https://imageproxy.wolt.com/menu/menu-images/64b62ec5e5ab70cdc92e30f0/2a35f650-616f-11f0-bb98-6e4864e4ce79_27829394.jpg",
      "categories": [
        "MRAŽENÉ POTRAVINY",
        "ZMRZLINA A NANUKY"
      ],
      "prices": [
        {
          "store_name": "Albert",
          "price": 109.9,
          "original_price": null,
          "unit_price": 114.48,
          "unit": "l",
          "package_size": "960 ml",
          "condition": null
        }
      ],
      "description": null
    },
    {
      "name": "Fa Aloe Vera Yoghurt sprchový krém",
      "brand": "Fa",
      "product_url": "https://wolt.com/cs/cze/prague/venue/albert-vinohradska/fa-aloe-vera-yoghurt-sprchovy-krem-itemid-6601f7d604d7db923167be70",
      "image_url": "https://imageproxy.wolt.com/menu/menu-images/6601c613e48d1c8d95333085/7cb4b862-eae2-11ee-a11d-de50720cb2ca_24432047.jpg",
      "categories": [
        "DROGERIE A KOSMETIKA",
        "MÝDLA A GELY"
      ],
      "prices": [
        {
          "store_name": "Albert",
          "price": 79.9,
          "original_price": null,
          "unit_price": 199.75,
          "unit": "l",
          "package_size": "400 ml",
          "condition": null
        }
      ],
      "description": null
    },
    {
      "name": "Mini Twister multipack",
      "brand": "Mini",
      "product_url": "https://wolt.com/cs/cze/prague/venue/albert-vinohradska/mini-twister-multipack-itemid-6876153a0c6218e9f3e5f46f",
      "image_url": "https://imageproxy.wolt.com/menu/menu-images/64b62ec5e5ab70cdc92e30f0/20c59ff8-616f-11f0-8efd-e2fb8a45d677_27736999.jpg",
      "categories": [
        "MRAŽENÉ POTRAVINY",
        "ZMRZLINA A NANUKY"
      ],
      "prices": [
        {
          "store_name": "Albert",
          "price": 136.9,
          "original_price": null,
          "unit_price": 342.25,
          "unit": "l",
          "package_size": "400 ml",
          "condition": null
        }
      ],
      "description": null
    },
    {
      "name": "Nutrend Deluxe Proteinová tyčinka Cheesecake",
      "brand": "Nutrend",
      "product_url": "https://wolt.com/cs/cze/prague/venue/albert-vinohradska/nutrend-deluxe-proteinova-tycinka-cheesecake-itemid-64ca0b7cba162577de48990b",
      "image_url": "https://imageproxy.wolt.com/menu/menu-images/64ffec4406cca0140dfab831/002ed1f0-8ebd-11ee-ad00-46136b2ea02a_26896427.jpg",
      "categories": [
        "TRVANLIVÉ",
        "MÜSLI A CEREÁLIE"
      ],
      "prices": [
        {
          "store_name": "Albert",
          "price": null,
          "original_price": null,
          "unit_price": 665.0,
          "unit": "Kg",
          "package_size": "60 g",
          "condition": "Sleva"
        }
      ],
      "description": null
    },
    {
      "name": "Ballarini Sýr Gorgonzola",
      "brand": "Ballarini",
      "product_url": "https://wolt.com/cs/cze/prague/venue/albert-vinohradska/ballarini-syr-gorgonzola-itemid-64ca0b7cba162577de489b4a",
      "image_url": "https://imageproxy.wolt.com/menu/menu-images/64ffec4406cca0140dfab831/7e98b87a-8eaf-11ee-b9c8-f2309c23f2b6_23333178.jpg",
      "categories": [
        "MLÉČNÉ A CHLAZENÉ",
        "SÝRY"
      ],
      "prices": [
        {
          "store_name": "Albert",
          "price": 69.9,
          "original_price": null,
          "unit_price": 699.0,
          "unit": "Kg",
          "package_size": "100 g",
          "condition": null
        }
      ],
      "description": null
    },
    {
      "name": "Chilly Fresh intimní ubrousky",
      "brand": "Chilly",
      "product_url": "https://wolt.com/cs/cze/prague/venue/albert-vinohradska/chilly-fresh-intimni-ubrousky-itemid-64ca0b7cba162577de489c39",
      "image_url": "https://imageproxy.wolt.com/menu/menu-images/64ffec4406cca0140dfab831/22d8368c-8eb4-11ee-bed7-662d260bbeaa_25248326.jpg",
      "categories": [
        "DROGERIE A KOSMETIKA",
        "MÝDLA A GELY"
      ],
      "prices": [
        {
          "store_name": "Albert",
          "price": null,
          "original_price": null,
          "unit_price": 4.16,
          "unit": "ks",
          "package_size": "‪12‬ kusů",
          "condition": "Sleva"
        }
      ],
      "description": null
    },
    {
      "name": "Madeta Jihočeský syreček",
      "brand": "Madeta",
      "product_url": "https://wolt.com/cs/cze/prague/venue/albert-vinohradska/madeta-jihocesky-syrecek-itemid-64ca0b7cba162577de4895d3",
      "image_url": "https://imageproxy.wolt.com/menu/menu-images/63ad795db242366d1f818f36/8734d494-25b4-11f0-86c0-5e447956e5e4_25577181.jpg",
      "categories": [
        "MLÉČNÉ A CHLAZENÉ",
        "SÝRY"
      ],
      "prices": [
        {
          "store_name": "Albert",
          "price": null,
          "original_price": null,
          "unit_price": 221.11,
          "unit": "Kg",
          "package_size": "90 g",
          "condition": "Sleva"
        }
      ],
      "description": null
    },
    {
      "name": "Vinařství Mádl Hibernal pozdní sběr",
      "brand": "Vinařství",
      "product_url": "https://wolt.com/cs/cze/prague/venue/albert-vinohradska/vinarstvi-madl-hibernal-pozdni-sber-itemid-64ca0b7cba162577de48a07c",
      "image_url": "https://imageproxy.wolt.com/menu/menu-images/64ffec4406cca0140dfab831/37ea672c-8ebc-11ee-84d7-5e4e081b1cfc_26830216.jpg",
      "categories": [
        "NÁPOJE",
        "VÍNA"
      ],
      "prices": [
        {
          "store_name": "Albert",
          "price": 259.0,
          "original_price": null,
          "unit_price": 345.33,
          "unit": "l",
          "package_size": "750 ml, 12% alc",
          "condition": "18+"
        }
      ],
      "description": null
    },
    {
      "name": "Kitbis Perník švestkový",
      "brand": "Kitbis",
      "product_url": "https://wolt.com/cs/cze/prague/venue/albert-vinohradska/kitbis-pernik-svestkovy-itemid-64ca0b7cba162577de488103",
      "image_url": "https://imageproxy.wolt.com/menu/menu-images/64ffec4406cca0140dfab831/5b5f75f8-8eb2-11ee-aa21-1627932f216d_24725002.jpg",
      "categories": [
        "TRVANLIVÉ",
        "SLADKOSTI"
      ],
      "prices": [
        {
          "store_name": "Albert",
          "price": 7.9,
          "original_price": null,
          "unit_price": 131.67,
          "unit": "Kg",
          "package_size": "60 g",
          "condition": null
        }
      ],
      "description": null
    },
    {
      "name": "Albert Excellent Tapas Krevety v chilli",
      "brand": "Albert Excellent",
      "product_url": "https://wolt.com/cs/cze/prague/venue/albert-vinohradska/albert-excellent-tapas-krevety-v-chilli-itemid-657233256818b938df948b95",
      "image_url": "https://imageproxy.wolt.com/menu/menu-images/63ad795db242366d1f818f36/9590a150-8e26-11f0-9fc1-0eafb42c0f85_27643730.jpg",
      "categories": [
        "UZENINY A LAHŮDKY",
        "TAPAS"
      ],
      "prices": [
        {
          "store_name": "Albert",
          "price": 89.0,
          "original_price": null,
          "unit_price": 1271.43,
          "unit": "Kg",
          "package_size": "70 g",
          "condition": null
        }
      ],
      "description": null
    },
    {
      "name": "Nature´s Promise Bio Baby Zelenina s telecím masem",
      "brand": "Nature's",
      "product_url": "https://wolt.com/cs/cze/prague/venue/albert-vinohradska/natures-promise-bio-baby-zelenina-s-telecim-masem-itemid-64ca0b7cba162577de4882b1",
      "image_url": "https://imageproxy.wolt.com/menu/menu-images/64ffec4406cca0140dfab831/a86098fe-8ec2-11ee-a134-52a4ddf1765f_27316696.jpg",
      "categories": [
        "DÍTĚ",
        "VÝŽIVA"
      ],
      "prices": [
        {
          "store_name": "Albert",
          "price": 24.9,
          "original_price": null,
          "unit_price": 131.05,
          "unit": "Kg",
          "package_size": "190 g",
          "condition": null
        }
      ],
      "description": null
    },
    {
      "name": "Albert Tradiční pomazánkové niva",
      "brand": "Albert",
      "product_url": "https://wolt.com/cs/cze/prague/venue/albert-vinohradska/albert-tradicni-pomazankove-niva-itemid-64ca0b7cba162577de489197",
      "image_url": "https://imageproxy.wolt.com/menu/menu-images/64ffec4406cca0140dfab831/5a6eb75e-8ec0-11ee-9eb7-46136b2ea02a_27168806.jpg",
      "categories": [
        "MLÉČNÉ A CHLAZENÉ",
        "MÁSLO A TUKY"
      ],
      "prices": [
        {
          "store_name": "Albert",
          "price": 24.9,
          "original_price": null,
          "unit_price": 166.0,
          "unit": "Kg",
          "package_size": "150 g",
          "condition": null
        }
      ],
      "description": null
    },
    {
      "name": "Nowaco Obalovaný sýr do trouby",
      "brand": "Nowaco",
      "product_url": "https://wolt.com/cs/cze/prague/venue/albert-vinohradska/nowaco-obalovany-syr-do-trouby-itemid-6876153a0c6218e9f3e5f477",
      "image_url": "https://imageproxy.wolt.com/menu/menu-images/64b62ec5e5ab70cdc92e30f0/23102030-616f-11f0-8b82-da5cbf168adb_27714881.jpg",
      "categories": [
        "MRAŽENÉ POTRAVINY",
        "MRAŽENÁ PIZZA A HOTOVÁ JÍDLA"
      ],
      "prices": [
        {
          "store_name": "Albert",
          "price": 64.9,
          "original_price": null,
          "unit_price": 324.5,
          "unit": "Kg",
          "package_size": "200 g",
          "condition": null
        }
      ],
      "description": null
    },
    {
      "name": "Silan aviváž aromatherapy relaxing maldives",
      "brand": "Silan",
      "product_url": "https://wolt.com/cs/cze/prague/venue/albert-vinohradska/silan-avivaz-aromatherapy-relaxing-maldives-itemid-657233256818b938df9488f7",
      "image_url": "https://imageproxy.wolt.com/menu/menu-images/6745ec28c3b7723db3588430/260edf9a-da6b-11f0-ba5b-a267a6d2255a_27812778.jpg",
      "categories": [
        "DROGERIE A KOSMETIKA",
        "PRACÍ PROSTŘEDKY"
      ],
      "prices": [
        {
          "store_name": "Albert",
          "price": 99.9,
          "original_price": null,
          "unit_price": 2.0,
          "unit": "ks",
          "package_size": "‪50‬ kusů",
          "condition": null
        }
      ],
      "description": null
    },
    {
      "name": "Orient Gourmet Rybí omáčka",
      "brand": "Orient",
      "product_url": "https://wolt.com/cs/cze/prague/venue/albert-vinohradska/orient-gourmet-rybi-omacka-itemid-64ca0b7cba162577de489f70",
      "image_url": "https://imageproxy.wolt.com/menu/menu-images/64ffec4406cca0140dfab831/23ecbb7e-8ebe-11ee-aae2-6e81ffaa4982_26993447.jpg",
      "categories": [
        "TRVANLIVÉ",
        "MEZINÁRODNÍ KUCHYNĚ"
      ],
      "prices": [
        {
          "store_name": "Albert",
          "price": 69.9,
          "original_price": null,
          "unit_price": 349.5,
          "unit": "l",
          "package_size": "200 ml",
          "condition": null
        }
      ],
      "description": null
    },
    {
      "name": "Nature's Promise Bio Polenta kukuři. bez lepku",
      "brand": "Nature's Promise",
      "product_url": "https://wolt.com/cs/cze/prague/venue/albert-vinohradska/nature-s-promise-bio-polenta-kukuri-bez-lepku-itemid-64ca0b7cba162577de489850",
      "image_url": "https://imageproxy.wolt.com/menu/menu-images/64ffec4406cca0140dfab831/8e05edd4-8ebc-11ee-b63c-02af1dc0d2ec_26848815.jpg",
      "categories": [
        "TRVANLIVÉ",
        "PEČENÍ A VAŘENÍ"
      ],
      "prices": [
        {
          "store_name": "Albert",
          "price": 41.9,
          "original_price": null,
          "unit_price": 93.11,
          "unit": "Kg",
          "package_size": "450 g",
          "condition": null
        }
      ],
      "description": null
    },
    {
      "name": "Smile denture Tablety na čištění protéz",
      "brand": "Smile",
      "product_url": "https://wolt.com/cs/cze/prague/venue/albert-vinohradska/smile-denture-tablety-na-cisteni-protez-itemid-651c85d07b68e704e9dcd46e",
      "image_url": "https://imageproxy.wolt.com/menu/menu-images/64ffec4406cca0140dfab831/594f6668-8eb9-11ee-a45d-f6f59196df47_26412573.jpg",
      "categories": [
        "DROGERIE A KOSMETIKA",
        "ÚSTNÍ HYGIENA"
      ],
      "prices": [
        {
          "store_name": "Albert",
          "price": 59.9,
          "original_price": null,
          "unit_price": 2.0,
          "unit": "ks",
          "package_size": "‪30‬ kusů",
          "condition": null
        }
      ],
      "description": null
    },
    {
      "name": "Jupí Sirup jahoda",
      "brand": "Jupí",
      "product_url": "https://wolt.com/cs/cze/prague/venue/albert-vinohradska/jupi-sirup-jahoda-itemid-64ca0b7cba162577de48905f",
      "image_url": "https://imageproxy.wolt.com/menu/menu-images/63ad795db242366d1f818f36/283c0dde-4e4d-11ef-ae22-a273fbd40e2b_22868879.jpg",
      "categories": [
        "NÁPOJE",
        "SIRUPY A KONCENTRÁTY"
      ],
      "prices": [
        {
          "store_name": "Albert",
          "price": 54.9,
          "original_price": null,
          "unit_price": 78.43,
          "unit": "l",
          "package_size": "700 ml",
          "condition": null
        }
      ],
      "description": null
    },
    {
      "name": "Královské kuře chlazené",
      "brand": "Královské",
      "product_url": "https://wolt.com/cs/cze/prague/venue/albert-vinohradska/kralovske-kure-chlazene-itemid-64ca0b7cba162577de4888c3",
      "image_url": "https://imageproxy.wolt.com/menu/menu-images/64ffec4406cca0140dfab831/3c3e091c-8ebe-11ee-9b0b-b29f7f1f7f8d_27007631.jpg",
      "categories": [
        "MASO A RYBY",
        "DRŮBEŽ"
      ],
      "prices": [
        {
          "store_name": "Albert",
          "price": 262.35,
          "original_price": null,
          "unit_price": null,
          "unit": null,
          "package_size": null,
          "condition": null
        }
      ],
      "description": null
    },
    {
      "name": "Tini Chardonnay",
      "brand": "Tini",
      "product_url": "https://wolt.com/cs/cze/prague/venue/albert-vinohradska/tini-chardonnay-itemid-657233256818b938df948156",
      "image_url": "https://imageproxy.wolt.com/menu/menu-images/64ffec4406cca0140dfab831/53526622-8eb7-11ee-9ece-662d260bbeaa_25923780.jpg",
      "categories": [
        "NÁPOJE",
        "VÍNA"
      ],
      "prices": [
        {
          "store_name": "Albert",
          "price": 229.0,
          "original_price": null,
          "unit_price": 76.33,
          "unit": "l",
          "package_size": "3 l, 12% alc",
          "condition": "18+"
        }
      ],
      "description": null
    },
    {
      "name": "Dream&Co Čokoláda a smetana",
      "brand": "Dream&Co",
      "product_url": "https://wolt.com/cs/cze/prague/venue/albert-vinohradska/dream-co-cokolada-a-smetana-itemid-6876153a0c6218e9f3e5f42f",
      "image_url": "https://imageproxy.wolt.com/menu/menu-images/64b62ec5e5ab70cdc92e30f0/f43ce874-616e-11f0-8a00-9ed28e232374_25650075.jpg",
      "categories": [
        "MRAŽENÉ POTRAVINY",
        "ZMRZLINA A NANUKY"
      ],
      "prices": [
        {
          "store_name": "Albert",
          "price": 129.9,
          "original_price": null,
          "unit_price": 144.33,
          "unit": "l",
          "package_size": "900 ml",
          "condition": null
        }
      ],
      "description": null
    },
    {
      "name": "Nature's Promise Sýr s modrou plísní bez laktózy",
      "brand": "Nature's Promise",
      "product_url": "https://wolt.com/cs/cze/prague/venue/albert-vinohradska/nature-s-promise-syr-s-modrou-plisni-bez-laktozy-itemid-64ca0b7cba162577de4890b4",
      "image_url": "https://imageproxy.wolt.com/menu/menu-images/64ffec4406cca0140dfab831/8cab548a-8ec4-11ee-9cb0-bed13653e197_27478813.jpg",
      "categories": [
        "MLÉČNÉ A CHLAZENÉ",
        "SÝRY"
      ],
      "prices": [
        {
          "store_name": "Albert",
          "price": null,
          "original_price": null,
          "unit_price": 233.91,
          "unit": "Kg",
          "package_size": "115 g",
          "condition": "Sleva"
        }
      ],
      "description": null
    },
    {
      "name": "Avelopa niťovky 8 vaječné  250g",
      "brand": "Avelopa",
      "product_url": "https://wolt.com/cs/cze/prague/venue/albert-vinohradska/avelopa-nitovky-8-vajecne-250g-itemid-64ca0b7cba162577de48980e",
      "image_url": "https://imageproxy.wolt.com/menu/menu-images/64ffec4406cca0140dfab831/55598678-8eb5-11ee-b394-16e6bf59122a_25536911.jpg",
      "categories": [
        "TRVANLIVÉ",
        "TĚSTOVINY A KUSKUS"
      ],
      "prices": [
        {
          "store_name": "Albert",
          "price": 45.9,
          "original_price": null,
          "unit_price": 183.6,
          "unit": "Kg",
          "package_size": "250 g",
          "condition": null
        }
      ],
      "description": null
    },
    {
      "name": "Česká chuť Paprikáš",
      "brand": "Česká chuť",
      "product_url": "https://wolt.com/cs/cze/prague/venue/albert-vinohradska/ceska-chut-paprikas-itemid-64ca0b7cba162577de488267",
      "image_url": "https://imageproxy.wolt.com/menu/menu-images/64ffec4406cca0140dfab831/0bff3738-8ec5-11ee-8055-bed63d7a3e3f_27517390.jpg",
      "categories": [
        "UZENINY A LAHŮDKY",
        "SALÁMY"
      ],
      "prices": [
        {
          "store_name": "Albert",
          "price": null,
          "original_price": null,
          "unit_price": 249.0,
          "unit": "Kg",
          "package_size": "100 g",
          "condition": "Sleva"
        }
      ],
      "description": null
    },
    {
      "name": "Hovězí nudličky",
      "brand": "Hovězí",
      "product_url": "https://wolt.com/cs/cze/prague/venue/albert-vinohradska/hovezi-nudlicky-itemid-64ca0b7cba162577de48847d",
      "image_url": "https://imageproxy.wolt.com/menu/menu-images/63ad795db242366d1f818f36/146c5d40-ed44-11ef-b9b7-0eab7759426c_26915975.jpg",
      "categories": [
        "MASO A RYBY",
        "HOVĚZÍ A TELECÍ"
      ],
      "prices": [
        {
          "store_name": "Albert",
          "price": 129.9,
          "original_price": null,
          "unit_price": 433.0,
          "unit": "Kg",
          "package_size": "300 g",
          "condition": null
        }
      ],
      "description": null
    },
    {
      "name": "Carla chocolate Hořká čokoláda",
      "brand": "Carla",
      "product_url": "https://wolt.com/cs/cze/prague/venue/albert-vinohradska/carla-chocolate-horka-cokolada-itemid-64ca0b7cba162577de489647",
      "image_url": "https://imageproxy.wolt.com/menu/menu-images/64ffec4406cca0140dfab831/5211565e-8eb9-11ee-a405-e2efa80c37b6_26404424.jpg",
      "categories": [
        "TRVANLIVÉ",
        "SLADKOSTI"
      ],
      "prices": [
        {
          "store_name": "Albert",
          "price": 62.9,
          "original_price": null,
          "unit_price": 786.25,
          "unit": "Kg",
          "package_size": "80 g",
          "condition": null
        }
      ],
      "description": null
    },
    {
      "name": "Big Shock! Exotic energetický nápoj",
      "brand": "Big",
      "product_url": "https://wolt.com/cs/cze/prague/venue/albert-vinohradska/big-shock-exotic-energeticky-napoj-itemid-64ca0b7cba162577de48956e",
      "image_url": "https://imageproxy.wolt.com/menu/menu-images/63ad795db242366d1f818f36/7a69d392-d995-11ef-a045-e295105443c6_25285222.jpg",
      "categories": [
        "NÁPOJE",
        "ENERGY NÁPOJE"
      ],
      "prices": [
        {
          "store_name": "Albert",
          "price": 41.9,
          "original_price": null,
          "unit_price": 83.8,
          "unit": "l",
          "package_size": "500 ml",
          "condition": null
        }
      ],
      "description": null
    },
    {
      "name": "Nekton Wellness Tuňák kousky ve vlastní šťávě",
      "brand": "Nekton",
      "product_url": "https://wolt.com/cs/cze/prague/venue/albert-vinohradska/nekton-wellness-tunak-kousky-ve-vlastni-stave-itemid-657233256818b938df947d1f",
      "image_url": "https://imageproxy.wolt.com/menu/menu-images/64ffec4406cca0140dfab831/83b5aafc-8eaf-11ee-b488-ee002dc5ca71_23343306.jpg",
      "categories": [
        "TRVANLIVÉ",
        "KONZERVOVANÉ POTR."
      ],
      "prices": [
        {
          "store_name": "Albert",
          "price": 69.9,
          "original_price": null,
          "unit_price": 537.69,
          "unit": "Kg",
          "package_size": "130 g",
          "condition": null
        }
      ],
      "description": null
    },
    {
      "name": "Lagris Rýže kulatozrnná loupaná",
      "brand": "Lagris",
      "product_url": "https://wolt.com/cs/cze/prague/venue/albert-vinohradska/lagris-ryze-kulatozrnna-loupana-itemid-64ca0b7cba162577de48915b",
      "image_url": "https://imageproxy.wolt.com/menu/menu-images/64ffec4406cca0140dfab831/76930cfe-8ead-11ee-8f01-fe16b6783abc_20784393.jpg",
      "categories": [
        "TRVANLIVÉ",
        "RÝŽE A LUŠTENINY"
      ],
      "prices": [
        {
          "store_name": "Albert",
          "price": 77.9,
          "original_price": null,
          "unit_price": 77.9,
          "unit": "Kg",
          "package_size": "1 kg",
          "condition": null
        }
      ],
      "description": null
    },
    {
      "name": "PEZ bonbony štangličky",
      "brand": "PEZ",
      "product_url": "https://wolt.com/cs/cze/prague/venue/albert-vinohradska/pez-bonbony-stanglicky-itemid-66021695af25c2c5f59cdd61",
      "image_url": "https://imageproxy.wolt.com/menu/menu-images/6601c613e48d1c8d95333085/73038dac-eae2-11ee-aa4f-26602bd55ff2_24170307.jpg",
      "categories": [
        "TRVANLIVÉ",
        "SLADKOSTI"
      ],
      "prices": [
        {
          "store_name": "Albert",
          "price": 31.9,
          "original_price": null,
          "unit_price": 625.49,
          "unit": "Kg",
          "package_size": "51 g",
          "condition": null
        }
      ],
      "description": null
    },
    {
      "name": "Alpro Sójový dezert natural",
      "brand": "Alpro",
      "product_url": "https://wolt.com/cs/cze/prague/venue/albert-vinohradska/alpro-sojovy-dezert-natural-itemid-64ca0b7cba162577de489258",
      "image_url": "https://imageproxy.wolt.com/menu/menu-images/64ffec4406cca0140dfab831/89909c62-8ebd-11ee-9b1d-5eb9bb96d91f_26950723.jpg",
      "categories": [
        "MLÉČNÉ A CHLAZENÉ",
        "ROSTLINNÉ PRODUKTY"
      ],
      "prices": [
        {
          "store_name": "Albert",
          "price": 29.9,
          "original_price": null,
          "unit_price": 199.33,
          "unit": "Kg",
          "package_size": "150 g",
          "condition": null
        }
      ],
      "description": null
    },
    {
      "name": "7Days Croissant náplň Cream & Cookies",
      "brand": "7Days",
      "product_url": "https://wolt.com/cs/cze/prague/venue/albert-vinohradska/7days-croissant-napln-cream-cookies-itemid-657233256818b938df94786d",
      "image_url": "https://imageproxy.wolt.com/menu/menu-images/64ffec4406cca0140dfab831/b846674c-8ebf-11ee-93a8-a28724a7b713_27130339.jpg",
      "categories": [
        "PEKÁRNA A CUKRÁRNA",
        "SLADKÉ PEČIVO BALENÉ"
      ],
      "prices": [
        {
          "store_name": "Albert",
          "price": 19.9,
          "original_price": null,
          "unit_price": 331.67,
          "unit": "Kg",
          "package_size": "60 g",
          "condition": null
        }
      ],
      "description": null
    },
    {
      "name": "Fino Pytle na odpadky s uchy 60 l",
      "brand": "Fino",
      "product_url": "https://wolt.com/cs/cze/prague/venue/albert-vinohradska/fino-pytle-na-odpadky-s-uchy-60-l-itemid-64ca0b7cba162577de4896a6",
      "image_url": "https://imageproxy.wolt.com/menu/menu-images/64ffec4406cca0140dfab831/0a039474-8eb6-11ee-aa5b-aa70cbf91f77_25681420.jpg",
      "categories": [
        "DOMÁCNOST A ZAHRADA",
        "ÚKLIDOVÉ POTŘEBY"
      ],
      "prices": [
        {
          "store_name": "Albert",
          "price": 64.9,
          "original_price": null,
          "unit_price": 4.33,
          "unit": "ks",
          "package_size": "‪15‬ kusů",
          "condition": null
        }
      ],
      "description": null
    },
    {
      "name": "Nature's Promise Bio Polévka Cavolo Nero",
      "brand": "Nature's Promise",
      "product_url": "https://wolt.com/cs/cze/prague/venue/albert-vinohradska/nature-s-promise-bio-polevka-cavolo-nero-itemid-657233256818b938df948982",
      "image_url": "https://imageproxy.wolt.com/menu/menu-images/64ffec4406cca0140dfab831/bb7f5f7e-8ec7-11ee-95bc-fe512f326f5c_27673829.jpg",
      "categories": [
        "UZENINY A LAHŮDKY",
        "HOTOVKY A PŘÍLOHY"
      ],
      "prices": [
        {
          "store_name": "Albert",
          "price": null,
          "original_price": null,
          "unit_price": 91.5,
          "unit": "Kg",
          "package_size": "600 g",
          "condition": "Sleva"
        }
      ],
      "description": null
    },
    {
      "name": "Viu Manent Malbec reserva",
      "brand": "Viu",
      "product_url": "https://wolt.com/cs/cze/prague/venue/albert-vinohradska/viu-manent-malbec-reserva-itemid-64ca0b7cba162577de48a391",
      "image_url": "https://imageproxy.wolt.com/menu/menu-images/64ffec4406cca0140dfab831/c46e831e-8ec0-11ee-982d-6aec994b6205_27195031.jpg",
      "categories": [
        "NÁPOJE",
        "VÍNA"
      ],
      "prices": [
        {
          "store_name": "Albert",
          "price": 239.0,
          "original_price": null,
          "unit_price": 318.67,
          "unit": "l",
          "package_size": "750 ml, 13,5% alc",
          "condition": "18+"
        }
      ],
      "description": null
    },
    {
      "name": "Always Ultra Normal vložky s křidélky",
      "brand": "Always",
      "product_url": "https://wolt.com/cs/cze/prague/venue/albert-vinohradska/always-ultra-normal-vlozky-s-kridelky-itemid-64ca0b7cba162577de488f73",
      "image_url": "https://imageproxy.wolt.com/menu/menu-images/63ad795db242366d1f818f36/ae1b5f48-f8ef-11ef-ad2c-6a8a496b493e_21369827.jpg",
      "categories": [
        "DROGERIE A KOSMETIKA",
        "DÁMSKÉ HYG. POTŘEBY"
      ],
      "prices": [
        {
          "store_name": "Albert",
          "price": 119.9,
          "original_price": null,
          "unit_price": 6.0,
          "unit": "ks",
          "package_size": "‪20‬ kusů",
          "condition": null
        }
      ],
      "description": null
    },
    {
      "name": "Giana Fazole bílé",
      "brand": "Giana",
      "product_url": "https://wolt.com/cs/cze/prague/venue/albert-vinohradska/giana-fazole-bile-itemid-64ca0b7cba162577de488571",
      "image_url": "https://imageproxy.wolt.com/menu/menu-images/63ad795db242366d1f818f36/6af0ce46-f0d1-11ee-a27f-12a80068fa2c_25643053.jpg",
      "categories": [
        "TRVANLIVÉ",
        "KONZERVOVANÉ POTR."
      ],
      "prices": [
        {
          "store_name": "Albert",
          "price": 21.9,
          "original_price": null,
          "unit_price": 91.25,
          "unit": "Kg",
          "package_size": "240 g",
          "condition": null
        }
      ],
      "description": null
    },
    {
      "name": "Albert Parenica neuzená",
      "brand": "Albert",
      "product_url": "https://wolt.com/cs/cze/prague/venue/albert-vinohradska/albert-parenica-neuzena-itemid-64ca0b7cba162577de4881ad",
      "image_url": "https://imageproxy.wolt.com/menu/menu-images/64ffec4406cca0140dfab831/72a0320e-8ebf-11ee-9132-be2d1bdd5ebf_27117255.jpg",
      "categories": [
        "MLÉČNÉ A CHLAZENÉ",
        "SÝRY"
      ],
      "prices": [
        {
          "store_name": "Albert",
          "price": 37.9,
          "original_price": null,
          "unit_price": 338.39,
          "unit": "Kg",
          "package_size": "112 g",
          "condition": null
        }
      ],
      "description": null
    },
    {
      "name": "Albert Salát Allegra mix",
      "brand": "Albert",
      "product_url": "https://wolt.com/cs/cze/prague/venue/albert-vinohradska/albert-salat-allegra-mix-itemid-64ca0b7cba162577de4880e3",
      "image_url": "https://imageproxy.wolt.com/menu/menu-images/64ffec4406cca0140dfab831/1e8e2d52-8ebe-11ee-8038-6a11ca682d5f_26991924.jpg",
      "categories": [
        "OVOCE A ZELENINA",
        "ZELENINA"
      ],
      "prices": [
        {
          "store_name": "Albert",
          "price": 36.9,
          "original_price": null,
          "unit_price": 230.63,
          "unit": "Kg",
          "package_size": "160 g",
          "condition": null
        }
      ],
      "description": null
    },
    {
      "name": "Milko Řecký jogurt borůvka",
      "brand": "Milko",
      "product_url": "https://wolt.com/cs/cze/prague/venue/albert-vinohradska/milko-recky-jogurt-boruvka-itemid-64ca0b7cba162577de4891af",
      "image_url": "https://imageproxy.wolt.com/menu/menu-images/64ffec4406cca0140dfab831/3074c46a-8eb7-11ee-b5a1-4ac825cfc539_25906608.jpg",
      "categories": [
        "MLÉČNÉ A CHLAZENÉ",
        "JOGURTY A DEZERTY"
      ],
      "prices": [
        {
          "store_name": "Albert",
          "price": 21.9,
          "original_price": null,
          "unit_price": 156.43,
          "unit": "Kg",
          "package_size": "140 g",
          "condition": null
        }
      ],
      "description": null
    },
    {
      "name": "Viña Tarapacá Sauvignon Blanc",
      "brand": "Viña",
      "product_url": "https://wolt.com/cs/cze/prague/venue/albert-vinohradska/vina-tarapaca-sauvignon-blanc-itemid-64ca0b7cba162577de4889af",
      "image_url": "https://imageproxy.wolt.com/menu/menu-images/64ffec4406cca0140dfab831/3fb05420-8eae-11ee-be3a-361f92ce8d2c_22062468.jpg",
      "categories": [
        "NÁPOJE",
        "VÍNA"
      ],
      "prices": [
        {
          "store_name": "Albert",
          "price": 209.0,
          "original_price": null,
          "unit_price": 278.67,
          "unit": "l",
          "package_size": "750 ml, 12,5% alc",
          "condition": "18+"
        }
      ],
      "description": null
    },
    {
      "name": "Bombus Raw Energy kokos a kakao",
      "brand": "Bombus",
      "product_url": "https://wolt.com/cs/cze/prague/venue/albert-vinohradska/bombus-raw-energy-kokos-a-kakao-itemid-64ca0b7cba162577de4898f2",
      "image_url": "https://imageproxy.wolt.com/menu/menu-images/63ad795db242366d1f818f36/cfc21c8e-0608-11ef-a294-66d5f41fc28b_26759104.jpg",
      "categories": [
        "TRVANLIVÉ",
        "MÜSLI A CEREÁLIE"
      ],
      "prices": [
        {
          "store_name": "Albert",
          "price": null,
          "original_price": null,
          "unit_price": 498.0,
          "unit": "Kg",
          "package_size": "50 g",
          "condition": "Sleva"
        }
      ],
      "description": null
    },
    {
      "name": "Jemča Zelený čaj pravý",
      "brand": "Jemča",
      "product_url": "https://wolt.com/cs/cze/prague/venue/albert-vinohradska/jemca-zeleny-caj-pravy-itemid-64ca0b7cba162577de4896e7",
      "image_url": "https://imageproxy.wolt.com/menu/menu-images/63ad795db242366d1f818f36/f09667fa-a8e9-11f0-be83-fec553ab9354_22410306.jpg",
      "categories": [
        "NÁPOJE",
        "KÁVA A ČAJ"
      ],
      "prices": [
        {
          "store_name": "Albert",
          "price": 28.9,
          "original_price": null,
          "unit_price": 963.33,
          "unit": "Kg",
          "package_size": "30 g",
          "condition": null
        }
      ],
      "description": null
    },
    {
      "name": "Vodňanské kuře Kuřecí párky",
      "brand": "Vodňanské",
      "product_url": "https://wolt.com/cs/cze/prague/venue/albert-vinohradska/vodnanske-kure-kureci-parky-itemid-64ca0b7cba162577de4882ad",
      "image_url": "https://imageproxy.wolt.com/menu/menu-images/64ffec4406cca0140dfab831/ada56c18-8eb8-11ee-9b39-4ac825cfc539_26204710.jpg",
      "categories": [
        "UZENINY A LAHŮDKY",
        "PÁRKY A KLOBÁSY"
      ],
      "prices": [
        {
          "store_name": "Albert",
          "price": null,
          "original_price": null,
          "unit_price": 124.5,
          "unit": "Kg",
          "package_size": "200 g",
          "condition": "Sleva"
        }
      ],
      "description": null
    },
    {
      "name": "Emma Ovesná kaše čokoláda",
      "brand": "Emma",
      "product_url": "https://wolt.com/cs/cze/prague/venue/albert-vinohradska/emma-ovesna-kase-cokolada-itemid-64ca0b7cba162577de48858d",
      "image_url": "https://imageproxy.wolt.com/menu/menu-images/63ad795db242366d1f818f36/2de5218e-d671-11ee-8f4b-faa443b702ab_26255347.jpg",
      "categories": [
        "TRVANLIVÉ",
        "MÜSLI A CEREÁLIE"
      ],
      "prices": [
        {
          "store_name": "Albert",
          "price": 9.9,
          "original_price": null,
          "unit_price": 152.31,
          "unit": "Kg",
          "package_size": "65 g",
          "condition": null
        }
      ],
      "description": null
    },
    {
      "name": "Nivea Men Power Antiperspirant sprej",
      "brand": "Nivea",
      "product_url": "https://wolt.com/cs/cze/prague/venue/albert-vinohradska/nivea-men-power-antiperspirant-sprej-itemid-64ca0b7cba162577de488f63",
      "image_url": "https://imageproxy.wolt.com/menu/menu-images/63ad795db242366d1f818f36/de5d031c-ed43-11ef-8657-9e4250c13a7a_25190052.jpg",
      "categories": [
        "DROGERIE A KOSMETIKA",
        "PÁNSKÁ KOSMETIKA"
      ],
      "prices": [
        {
          "store_name": "Albert",
          "price": 89.9,
          "original_price": null,
          "unit_price": 599.33,
          "unit": "l",
          "package_size": "150 ml",
          "condition": null
        }
      ],
      "description": null
    },
    {
      "name": "Albert Koření na ryby",
      "brand": "Albert",
      "product_url": "https://wolt.com/cs/cze/prague/venue/albert-vinohradska/albert-koreni-na-ryby-itemid-64ca0b7cba162577de4893a6",
      "image_url": "https://imageproxy.wolt.com/menu/menu-images/64ffec4406cca0140dfab831/04e0ac46-8ec2-11ee-88f4-5e4be69f0c6c_27275351.jpg",
      "categories": [
        "TRVANLIVÉ",
        "KOŘENÍ A OCHUCOVADLA"
      ],
      "prices": [
        {
          "store_name": "Albert",
          "price": 5.9,
          "original_price": null,
          "unit_price": 236.0,
          "unit": "Kg",
          "package_size": "25 g",
          "condition": null
        }
      ],
      "description": null
    },
    {
      "name": "Vitacup Lyofilizované jahody",
      "brand": "Vitacup",
      "product_url": "https://wolt.com/cs/cze/prague/venue/albert-vinohradska/vitacup-lyofilizovane-jahody-itemid-64ca0b7cba162577de488d19",
      "image_url": "https://imageproxy.wolt.com/menu/menu-images/64ffec4406cca0140dfab831/af577f78-8ebe-11ee-b127-62428f7ce5a3_27046418.jpg",
      "categories": [
        "OVOCE A ZELENINA",
        "SUCHÉ PLODY"
      ],
      "prices": [
        {
          "store_name": "Albert",
          "price": 59.9,
          "original_price": null,
          "unit_price": 2396.0,
          "unit": "Kg",
          "package_size": "25 g",
          "condition": null
        }
      ],
      "description": null
    },
    {
      "name": "Syoss Volume šampon pro jemné a zplihlé vlasy",
      "brand": "Syoss",
      "product_url": "https://wolt.com/cs/cze/prague/venue/albert-vinohradska/syoss-volume-sampon-pro-jemne-a-zplihle-vlasy-itemid-64ca0b7cba162577de489da8",
      "image_url": "https://imageproxy.wolt.com/menu/menu-images/63ad795db242366d1f818f36/c4671b8e-f8ef-11ef-ae42-a650c7b09a6e_24849012.jpg",
      "categories": [
        "DROGERIE A KOSMETIKA",
        "PÉČE O VLASY"
      ],
      "prices": [
        {
          "store_name": "Albert",
          "price": 153.0,
          "original_price": null,
          "unit_price": 347.73,
          "unit": "l",
          "package_size": "440 ml",
          "condition": null
        }
      ],
      "description": null
    },
    {
      "name": "Albert Kovářská klobása",
      "brand": "Albert",
      "product_url": "https://wolt.com/cs/cze/prague/venue/albert-vinohradska/albert-kovarska-klobasa-itemid-657233256818b938df94853a",
      "image_url": "https://imageproxy.wolt.com/menu/menu-images/64ffec4406cca0140dfab831/faa68d1e-8eb1-11ee-9cf0-8e50ebf9f3ec_24630337.jpg",
      "categories": [
        "UZENINY A LAHŮDKY",
        "PÁRKY A KLOBÁSY"
      ],
      "prices": [
        {
          "store_name": "Albert",
          "price": 52.9,
          "original_price": null,
          "unit_price": 377.86,
          "unit": "Kg",
          "package_size": "140 g",
          "condition": null
        }
      ],
      "description": null
    },
    {
      "name": "Kefírové mléko jahodové",
      "brand": null,
      "product_url": "https://wolt.com/cs/cze/prague/venue/albert-vinohradska/kefirove-mleko-jahodove-itemid-64ca0b7cba162577de48818d",
      "image_url": "https://imageproxy.wolt.com/menu/menu-images/64ffec4406cca0140dfab831/6ad1396c-8eae-11ee-b887-424f0985e4ef_22356871.jpg",
      "categories": [
        "MLÉČNÉ A CHLAZENÉ",
        "MLÉČNÉ NÁPOJE"
      ],
      "prices": [
        {
          "store_name": "Albert",
          "price": 29.9,
          "original_price": null,
          "unit_price": 66.44,
          "unit": "Kg",
          "package_size": "450 g",
          "condition": null
        }
      ],
      "description": null
    },
    {
      "name": "Gourmet Gold Paštika s kuřetem",
      "brand": "Gourmet",
      "product_url": "https://wolt.com/cs/cze/prague/venue/albert-vinohradska/gourmet-gold-pastika-s-kuretem-itemid-6601f3eea821c14498a3011c",
      "image_url": "https://imageproxy.wolt.com/menu/menu-images/6601c613e48d1c8d95333085/56c75a74-eae2-11ee-adf8-4aedea41cff8_23333864.jpg",
      "categories": [
        "ZVÍŘATA",
        "KOČKY"
      ],
      "prices": [
        {
          "store_name": "Albert",
          "price": 19.9,
          "original_price": null,
          "unit_price": 234.12,
          "unit": "Kg",
          "package_size": "85 g",
          "condition": null
        }
      ],
      "description": null
    },
    {
      "name": "Nature's Promise Bio Jáhly",
      "brand": "Nature's Promise",
      "product_url": "https://wolt.com/cs/cze/prague/venue/albert-vinohradska/nature-s-promise-bio-jahly-itemid-64ca0b7cba162577de48a1bc",
      "image_url": "https://imageproxy.wolt.com/menu/menu-images/64ffec4406cca0140dfab831/8e057d40-8ebc-11ee-ae07-362baa77ef89_26848808.jpg",
      "categories": [
        "TRVANLIVÉ",
        "RÝŽE A VAŘENÍ"
      ],
      "prices": [
        {
          "store_name": "Albert",
          "price": 34.9,
          "original_price": null,
          "unit_price": 69.8,
          "unit": "Kg",
          "package_size": "500 g",
          "condition": null
        }
      ],
      "description": null
    },
    {
      "name": "Žluté kuřátko chlazené",
      "brand": null,
      "product_url": "https://wolt.com/cs/cze/prague/venue/albert-vinohradska/zlute-kuratko-chlazene-itemid-657233256818b938df9479ca",
      "image_url": "https://imageproxy.wolt.com/menu/menu-images/64ffec4406cca0140dfab831/daf6e5b0-8eb4-11ee-9da1-2e3db4b64128_25443011.jpg",
      "categories": [
        "MASO A RYBY",
        "DRŮBEŽ"
      ],
      "prices": [
        {
          "store_name": "Albert",
          "price": 119.9,
          "original_price": null,
          "unit_price": 239.8,
          "unit": "Kg",
          "package_size": "500 g",
          "condition": null
        }
      ],
      "description": null
    },
    {
      "name": "Nature's Promise Bio Cizrna",
      "brand": "Nature's Promise",
      "product_url": "https://wolt.com/cs/cze/prague/venue/albert-vinohradska/nature-s-promise-bio-cizrna-itemid-64ca0b7cba162577de48a05b",
      "image_url": "https://imageproxy.wolt.com/menu/menu-images/64ffec4406cca0140dfab831/8ad61832-8ebc-11ee-a770-3abcd54edd52_26848754.jpg",
      "categories": [
        "TRVANLIVÉ",
        "RÝŽE A VAŘENÍ"
      ],
      "prices": [
        {
          "store_name": "Albert",
          "price": null,
          "original_price": null,
          "unit_price": 69.8,
          "unit": "Kg",
          "package_size": "500 g",
          "condition": "Sleva"
        }
      ],
      "description": null
    },
    {
      "name": "Albert Excellent Tapas Jamón Serrano",
      "brand": "Albert Excellent",
      "product_url": "https://wolt.com/cs/cze/prague/venue/albert-vinohradska/albert-excellent-tapas-jamon-serrano-itemid-64ca0b7cba162577de488c31",
      "image_url": "https://imageproxy.wolt.com/menu/menu-images/64ffec4406cca0140dfab831/1da23d1c-8ec7-11ee-a1bf-f20dec45ea3c_27643556.jpg",
      "categories": [
        "UZENINY A LAHŮDKY",
        "TAPAS"
      ],
      "prices": [
        {
          "store_name": "Albert",
          "price": 79.0,
          "original_price": null,
          "unit_price": 1316.67,
          "unit": "Kg",
          "package_size": "60 g",
          "condition": null
        }
      ],
      "description": null
    },
    {
      "name": "Emma Makadamové ořechy",
      "brand": "Emma",
      "product_url": "https://wolt.com/cs/cze/prague/venue/albert-vinohradska/emma-makadamove-orechy-itemid-64ca0b7cba162577de488c0f",
      "image_url": "https://imageproxy.wolt.com/menu/menu-images/63ad795db242366d1f818f36/3fa0f698-765b-11ef-88a2-a67668f6732a_26532318.jpg",
      "categories": [
        "OVOCE A ZELENINA",
        "SUCHÉ PLODY"
      ],
      "prices": [
        {
          "store_name": "Albert",
          "price": 69.9,
          "original_price": null,
          "unit_price": 699.0,
          "unit": "Kg",
          "package_size": "100 g",
          "condition": null
        }
      ],
      "description": null
    },
    {
      "name": "Nature's Promise Bio Baby Pyré broskev a banán",
      "brand": "Nature's Promise",
      "product_url": "https://wolt.com/cs/cze/prague/venue/albert-vinohradska/nature-s-promise-bio-baby-pyre-broskev-a-banan-itemid-64ca0b7cba162577de48a50d",
      "image_url": "https://imageproxy.wolt.com/menu/menu-images/64ffec4406cca0140dfab831/46ca7712-8ec3-11ee-b7e6-222205837f4e_27373040.jpg",
      "categories": [
        "DÍTĚ",
        "VÝŽIVA"
      ],
      "prices": [
        {
          "store_name": "Albert",
          "price": 17.5,
          "original_price": null,
          "unit_price": 194.44,
          "unit": "Kg",
          "package_size": "90 g",
          "condition": null
        }
      ],
      "description": null
    },
    {
      "name": "First Class Paštika pro psy s hovězím",
      "brand": "First",
      "product_url": "https://wolt.com/cs/cze/prague/venue/albert-vinohradska/first-class-pastika-pro-psy-s-hovezim-itemid-6601e188ab2c269239cd2033",
      "image_url": "https://imageproxy.wolt.com/menu/menu-images/6601c613e48d1c8d95333085/a805305a-eae2-11ee-adf8-4aedea41cff8_25250930.jpg",
      "categories": [
        "ZVÍŘATA",
        "PSI"
      ],
      "prices": [
        {
          "store_name": "Albert",
          "price": 24.9,
          "original_price": null,
          "unit_price": 166.0,
          "unit": "Kg",
          "package_size": "150 g",
          "condition": null
        }
      ],
      "description": null
    },
    {
      "name": "Opavia Zlaté Polomáčené hořké",
      "brand": "Opavia",
      "product_url": "https://wolt.com/cs/cze/prague/venue/albert-vinohradska/opavia-zlate-polomacene-horke-itemid-64ca0b7cba162577de4889db",
      "image_url": "https://imageproxy.wolt.com/menu/menu-images/63ad795db242366d1f818f36/d5c14420-5efa-11ef-929e-e20b212ce3b0_20300005.jpg",
      "categories": [
        "TRVANLIVÉ",
        "SLADKOSTI"
      ],
      "prices": [
        {
          "store_name": "Albert",
          "price": 25.9,
          "original_price": null,
          "unit_price": 259.0,
          "unit": "Kg",
          "package_size": "100 g",
          "condition": "Vyprodáno"
        }
      ],
      "description": null
    },
    {
      "name": "Tini Merlot",
      "brand": "Tini",
      "product_url": "https://wolt.com/cs/cze/prague/venue/albert-vinohradska/tini-merlot-itemid-657233256818b938df948011",
      "image_url": "https://imageproxy.wolt.com/menu/menu-images/64ffec4406cca0140dfab831/5352682a-8eb7-11ee-b43f-c6aa6b123400_25923797.jpg",
      "categories": [
        "NÁPOJE",
        "VÍNA"
      ],
      "prices": [
        {
          "store_name": "Albert",
          "price": 229.0,
          "original_price": null,
          "unit_price": 76.33,
          "unit": "l",
          "package_size": "3 l, 12% alc",
          "condition": "18+"
        }
      ],
      "description": null
    },
    {
      "name": "Müllermilch mléčný nápoj (mix příchutí)",
      "brand": "Müllermilch",
      "product_url": "https://wolt.com/cs/cze/prague/venue/albert-vinohradska/mullermilch-mlecny-napoj-mix-prichuti-itemid-657233256818b938df948755",
      "image_url": "https://imageproxy.wolt.com/menu/menu-images/64ffec4406cca0140dfab831/34b03812-8eb6-11ee-9f90-22a8008f3216_25709919.jpg",
      "categories": [
        "MLÉČNÉ A CHLAZENÉ",
        "MLÉČNÉ NÁPOJE"
      ],
      "prices": [
        {
          "store_name": "Albert",
          "price": null,
          "original_price": null,
          "unit_price": 52.93,
          "unit": "l",
          "package_size": "376 ml",
          "condition": "Sleva"
        }
      ],
      "description": null
    },
    {
      "name": "Gemerka Magnézium a kalcium neperlivá",
      "brand": "Gemerka",
      "product_url": "https://wolt.com/cs/cze/prague/venue/albert-vinohradska/gemerka-magnezium-a-kalcium-neperliva-itemid-64ca0b7cba162577de488187",
      "image_url": "https://imageproxy.wolt.com/menu/menu-images/64ffec4406cca0140dfab831/0ba58a72-8ec4-11ee-8399-bad10d590585_27442319.jpg",
      "categories": [
        "NÁPOJE",
        "VODY A MINERÁLKY"
      ],
      "prices": [
        {
          "store_name": "Albert",
          "price": 11.9,
          "original_price": null,
          "unit_price": 7.93,
          "unit": "l",
          "package_size": "1,5 l",
          "condition": null
        }
      ],
      "description": null
    },
    {
      "name": "Pickwick Ranní Classic směs s ceylonským čajem",
      "brand": "Pickwick",
      "product_url": "https://wolt.com/cs/cze/prague/venue/albert-vinohradska/pickwick-ranni-classic-smes-s-ceylonskym-cajem-itemid-64ca0b7cba162577de489ce6",
      "image_url": "https://imageproxy.wolt.com/menu/menu-images/64ffec4406cca0140dfab831/43c94eac-8eb0-11ee-a2ea-36180384687e_23722446.jpg",
      "categories": [
        "NÁPOJE",
        "KÁVA A ČAJ"
      ],
      "prices": [
        {
          "store_name": "Albert",
          "price": 149.9,
          "original_price": null,
          "unit_price": 856.57,
          "unit": "Kg",
          "package_size": "175 g",
          "condition": null
        }
      ],
      "description": null
    },
    {
      "name": "Albert Butter chicken s basmati rýží",
      "brand": "Albert",
      "product_url": "https://wolt.com/cs/cze/prague/venue/albert-vinohradska/albert-butter-chicken-s-basmati-ryzi-itemid-64ca0b7cba162577de488a17",
      "image_url": "https://imageproxy.wolt.com/menu/menu-images/64ffec4406cca0140dfab831/4481499e-8ebf-11ee-a7d0-62c80973176d_27104323.jpg",
      "categories": [
        "UZENINY A LAHŮDKY",
        "HOTOVKY A PŘÍLOHY"
      ],
      "prices": [
        {
          "store_name": "Albert",
          "price": 99.9,
          "original_price": null,
          "unit_price": 232.33,
          "unit": "Kg",
          "package_size": "430 g",
          "condition": null
        }
      ],
      "description": null
    },
    {
      "name": "Sfinx Beskydky",
      "brand": "Sfinx",
      "product_url": "https://wolt.com/cs/cze/prague/venue/albert-vinohradska/sfinx-beskydky-itemid-657233256818b938df947c59",
      "image_url": "https://imageproxy.wolt.com/menu/menu-images/64ffec4406cca0140dfab831/a7da3e46-8eac-11ee-808a-ca969f421442_20317966.jpg",
      "categories": [
        "TRVANLIVÉ",
        "SLADKOSTI"
      ],
      "prices": [
        {
          "store_name": "Albert",
          "price": 19.9,
          "original_price": null,
          "unit_price": 221.11,
          "unit": "Kg",
          "package_size": "90 g",
          "condition": null
        }
      ],
      "description": null
    },
    {
      "name": "Monster Ultra Strawberry Dreams bez cukru",
      "brand": "Monster",
      "product_url": "https://wolt.com/cs/cze/prague/venue/albert-vinohradska/monster-ultra-strawberry-dreams-bez-cukru-itemid-681b5abffcbd67bf7a8f4afd",
      "image_url": "https://imageproxy.wolt.com/menu/menu-images/63ad795db242366d1f818f36/0a201a6a-2b48-11f0-b026-e66f4648c6a0_27985182.jpg",
      "categories": [
        "NÁPOJE",
        "ENERGY NÁPOJE"
      ],
      "prices": [
        {
          "store_name": "Albert",
          "price": 29.9,
          "original_price": null,
          "unit_price": 59.8,
          "unit": "l",
          "package_size": "500 ml",
          "condition": null
        }
      ],
      "description": null
    },
    {
      "name": "Nomina Jáhlová kaše bezlepková",
      "brand": "Nomina",
      "product_url": "https://wolt.com/cs/cze/prague/venue/albert-vinohradska/nomina-jahlova-kase-bezlepkova-itemid-64ca0b7cba162577de488a77",
      "image_url": "https://imageproxy.wolt.com/menu/menu-images/64ffec4406cca0140dfab831/71baa4c0-8eb8-11ee-af86-b287692f5450_26099958.jpg",
      "categories": [
        "TRVANLIVÉ",
        "MÜSLI A CEREÁLIE"
      ],
      "prices": [
        {
          "store_name": "Albert",
          "price": null,
          "original_price": null,
          "unit_price": 133.0,
          "unit": "Kg",
          "package_size": "300 g",
          "condition": "Sleva"
        }
      ],
      "description": null
    },
    {
      "name": "Jubilejná Hruška s medem 30%",
      "brand": "Jubilejná",
      "product_url": "https://wolt.com/cs/cze/prague/venue/albert-vinohradska/jubilejna-hruska-s-medem-30-itemid-64ca0b7cba162577de489819",
      "image_url": "https://imageproxy.wolt.com/menu/menu-images/64ffec4406cca0140dfab831/1a8d9600-8eb6-11ee-93e0-aa70cbf91f77_25692693.jpg",
      "categories": [
        "NÁPOJE",
        "LIHOVINY"
      ],
      "prices": [
        {
          "store_name": "Albert",
          "price": 259.0,
          "original_price": null,
          "unit_price": 370.0,
          "unit": "l",
          "package_size": "700 ml, 30% alc",
          "condition": "18+, Vyprodáno"
        }
      ],
      "description": null
    },
    {
      "name": "Pepsi Cola",
      "brand": "Pepsi",
      "product_url": "https://wolt.com/cs/cze/prague/venue/albert-vinohradska/pepsi-cola-itemid-64ca0b7cba162577de48834b",
      "image_url": "https://imageproxy.wolt.com/menu/menu-images/63ad795db242366d1f818f36/875cda3e-25b4-11f0-95ed-3634802ef1c1_25527766.jpg",
      "categories": [
        "NÁPOJE",
        "LIMONÁDY"
      ],
      "prices": [
        {
          "store_name": "Albert",
          "price": 38.9,
          "original_price": null,
          "unit_price": 25.93,
          "unit": "l",
          "package_size": "1,5 l",
          "condition": null
        }
      ],
      "description": null
    },
    {
      "name": "Monteiro Ruby Port",
      "brand": "Monteiro",
      "product_url": "https://wolt.com/cs/cze/prague/venue/albert-vinohradska/monteiro-ruby-port-itemid-66021726a43b5f5cdfa511cd",
      "image_url": "https://imageproxy.wolt.com/menu/menu-images/6601c613e48d1c8d95333085/951f3ed6-eae2-11ee-ad24-f2c1f47dde5c_24998833.jpg",
      "categories": [
        "NÁPOJE",
        "VÍNA"
      ],
      "prices": [
        {
          "store_name": "Albert",
          "price": 279.0,
          "original_price": null,
          "unit_price": 372.0,
          "unit": "l",
          "package_size": "750 ml, 19% alc",
          "condition": "18+, Vyprodáno"
        }
      ],
      "description": null
    },
    {
      "name": "Kefírové mléko višňové",
      "brand": null,
      "product_url": "https://wolt.com/cs/cze/prague/venue/albert-vinohradska/kefirove-mleko-visnove-itemid-64ca0b7cba162577de4894d1",
      "image_url": "https://imageproxy.wolt.com/menu/menu-images/64ffec4406cca0140dfab831/f97bbfe0-8eb6-11ee-a6cb-224a9e8cb6c6_25873573.jpg",
      "categories": [
        "MLÉČNÉ A CHLAZENÉ",
        "MLÉČNÉ NÁPOJE"
      ],
      "prices": [
        {
          "store_name": "Albert",
          "price": 29.9,
          "original_price": null,
          "unit_price": 66.44,
          "unit": "Kg",
          "package_size": "450 g",
          "condition": null
        }
      ],
      "description": null
    },
    {
      "name": "Dynybyl Gin&Tonic ready to drink 6%",
      "brand": "Dynybyl",
      "product_url": "https://wolt.com/cs/cze/prague/venue/albert-vinohradska/dynybyl-gin-tonic-ready-to-drink-6-itemid-651c84fa620884e9c7bfe039",
      "image_url": "https://imageproxy.wolt.com/menu/menu-images/64ffec4406cca0140dfab831/3baf71f0-8eca-11ee-939b-5a01586eeed4_27773512.jpg",
      "categories": [
        "NÁPOJE",
        "LIHOVINY"
      ],
      "prices": [
        {
          "store_name": "Albert",
          "price": 49.9,
          "original_price": null,
          "unit_price": 199.6,
          "unit": "l",
          "package_size": "250 ml, 6% alc",
          "condition": "18+, Vyprodáno"
        }
      ],
      "description": null
    },
    {
      "name": "Jemča byl.čaj máta  bylinný",
      "brand": "Jemča",
      "product_url": "https://wolt.com/cs/cze/prague/venue/albert-vinohradska/jemca-byl-caj-mata-bylinny-itemid-64ca0b7cba162577de488ab9",
      "image_url": "https://imageproxy.wolt.com/menu/menu-images/63ad795db242366d1f818f36/f096bf2a-a8e9-11f0-8c1e-ce2bf27655a9_22410931.jpg",
      "categories": [
        "NÁPOJE",
        "KÁVA A ČAJ"
      ],
      "prices": [
        {
          "store_name": "Albert",
          "price": 24.9,
          "original_price": null,
          "unit_price": 830.0,
          "unit": "Kg",
          "package_size": "30 g",
          "condition": null
        }
      ],
      "description": null
    },
    {
      "name": "Hamánek Ovocná přenídávka jahoda a jablko",
      "brand": "Hamánek",
      "product_url": "https://wolt.com/cs/cze/prague/venue/albert-vinohradska/hamanek-ovocna-prenidavka-jahoda-a-jablko-itemid-64ca0b7cba162577de48912e",
      "image_url": "https://imageproxy.wolt.com/menu/menu-images/64ffec4406cca0140dfab831/dfeca57e-8ec2-11ee-9601-52a4ddf1765f_27332351.jpg",
      "categories": [
        "DÍTĚ",
        "VÝŽIVA"
      ],
      "prices": [
        {
          "store_name": "Albert",
          "price": 14.9,
          "original_price": null,
          "unit_price": 149.0,
          "unit": "Kg",
          "package_size": "100 g",
          "condition": null
        }
      ],
      "description": null
    },
    {
      "name": "Albert Tatarská omáčka",
      "brand": "Albert",
      "product_url": "https://wolt.com/cs/cze/prague/venue/albert-vinohradska/albert-tatarska-omacka-itemid-64ca0b7cba162577de48924f",
      "image_url": "https://imageproxy.wolt.com/menu/menu-images/64ffec4406cca0140dfab831/ab05f382-8eb9-11ee-a1a1-e6fbf8d3c3b0_26471709.jpg",
      "categories": [
        "MLÉČNÉ A CHLAZENÉ",
        "MAJONÉZY A TATARKY"
      ],
      "prices": [
        {
          "store_name": "Albert",
          "price": 45.9,
          "original_price": null,
          "unit_price": 131.14,
          "unit": "l",
          "package_size": "350 ml",
          "condition": null
        }
      ],
      "description": null
    },
    {
      "name": "Krolewski Original 45%",
      "brand": "Krolewski",
      "product_url": "https://wolt.com/cs/cze/prague/venue/albert-vinohradska/krolewski-original-45-itemid-64ca0b7cba162577de48814f",
      "image_url": "https://imageproxy.wolt.com/menu/menu-images/64ffec4406cca0140dfab831/7f0b7ab4-8eb3-11ee-883b-7a4dcb26504b_25056495.jpg",
      "categories": [
        "MLÉČNÉ A CHLAZENÉ",
        "SÝRY"
      ],
      "prices": [
        {
          "store_name": "Albert",
          "price": 42.9,
          "original_price": null,
          "unit_price": 429.0,
          "unit": "Kg",
          "package_size": "100 g",
          "condition": null
        }
      ],
      "description": null
    },
    {
      "name": "Relax Sirup jahoda",
      "brand": "Relax",
      "product_url": "https://wolt.com/cs/cze/prague/venue/albert-vinohradska/relax-sirup-jahoda-itemid-64ca0b7cba162577de4881db",
      "image_url": "https://imageproxy.wolt.com/menu/menu-images/64ffec4406cca0140dfab831/1034c022-8eb9-11ee-a88c-06c7de8dd7bf_26364643.jpg",
      "categories": [
        "NÁPOJE",
        "SIRUPY A KONCENTRÁTY"
      ],
      "prices": [
        {
          "store_name": "Albert",
          "price": 79.9,
          "original_price": null,
          "unit_price": 114.14,
          "unit": "l",
          "package_size": "700 ml",
          "condition": null
        }
      ],
      "description": null
    },
    {
      "name": "Orion Studentská pečeť mléčná višeň",
      "brand": "Orion",
      "product_url": "https://wolt.com/cs/cze/prague/venue/albert-vinohradska/orion-studentska-pecet-mlecna-visen-itemid-64ca0b7cba162577de488387",
      "image_url": "https://imageproxy.wolt.com/menu/menu-images/64ffec4406cca0140dfab831/c9aa164a-8eb1-11ee-8650-2e13ed999a8b_24534567.jpg",
      "categories": [
        "TRVANLIVÉ",
        "SLADKOSTI"
      ],
      "prices": [
        {
          "store_name": "Albert",
          "price": 69.9,
          "original_price": null,
          "unit_price": 411.18,
          "unit": "Kg",
          "package_size": "170 g",
          "condition": null
        }
      ],
      "description": null
    },
    {
      "name": "Purina One Sterilcat losos a pšenice",
      "brand": "Purina",
      "product_url": "https://wolt.com/cs/cze/prague/venue/albert-vinohradska/purina-one-sterilcat-losos-a-psenice-itemid-64ca0b7cba162577de489e83",
      "image_url": "https://imageproxy.wolt.com/menu/menu-images/63ad795db242366d1f818f36/ba336efe-5efa-11ef-a729-1a8ffd12be68_25057607.jpg",
      "categories": [
        "ZVÍŘATA",
        "KOČKY"
      ],
      "prices": [
        {
          "store_name": "Albert",
          "price": 129.9,
          "original_price": null,
          "unit_price": 162.38,
          "unit": "Kg",
          "package_size": "800 g",
          "condition": null
        }
      ],
      "description": null
    },
    {
      "name": "Albert Roláda, jahodová náplň",
      "brand": "Albert",
      "product_url": "https://wolt.com/cs/cze/prague/venue/albert-vinohradska/albert-rolada-jahodova-napln-itemid-657233256818b938df94782f",
      "image_url": "https://imageproxy.wolt.com/menu/menu-images/64ffec4406cca0140dfab831/0dc3eb7e-8eb4-11ee-8b77-1e037cde04d4_25238082.jpg",
      "categories": [
        "PEKÁRNA A CUKRÁRNA",
        "SLADKÉ PEČIVO BALENÉ"
      ],
      "prices": [
        {
          "store_name": "Albert",
          "price": 36.9,
          "original_price": null,
          "unit_price": 147.6,
          "unit": "Kg",
          "package_size": "250 g",
          "condition": null
        }
      ],
      "description": null
    },
    {
      "name": "Entremont Roquefort Zrající ovčí sýr AOP",
      "brand": "Entremont",
      "product_url": "https://wolt.com/cs/cze/prague/venue/albert-vinohradska/entremont-roquefort-zrajici-ovci-syr-aop-itemid-64ca0b7cba162577de489b5e",
      "image_url": "https://imageproxy.wolt.com/menu/menu-images/64ffec4406cca0140dfab831/bd5426d4-8ebf-11ee-a654-d61ea9882201_27131244.jpg",
      "categories": [
        "MLÉČNÉ A CHLAZENÉ",
        "SÝRY"
      ],
      "prices": [
        {
          "store_name": "Albert",
          "price": 94.9,
          "original_price": null,
          "unit_price": 949.0,
          "unit": "Kg",
          "package_size": "100 g",
          "condition": null
        }
      ],
      "description": null
    },
    {
      "name": "Nivea Intimo Sensitive sprchová emulze",
      "brand": "Nivea",
      "product_url": "https://wolt.com/cs/cze/prague/venue/albert-vinohradska/nivea-intimo-sensitive-sprchova-emulze-itemid-64ca0b7cba162577de489ce7",
      "image_url": "https://imageproxy.wolt.com/menu/menu-images/64ffec4406cca0140dfab831/fa5d6cb6-8eb0-11ee-9a1d-e6fbf8d3c3b0_24169394.jpg",
      "categories": [
        "DROGERIE A KOSMETIKA",
        "MÝDLA A GELY"
      ],
      "prices": [
        {
          "store_name": "Albert",
          "price": 149.9,
          "original_price": null,
          "unit_price": 599.6,
          "unit": "l",
          "package_size": "250 ml",
          "condition": null
        }
      ],
      "description": null
    },
    {
      "name": "Palmolive Pampering Oil sprchový gel",
      "brand": "Palmolive",
      "product_url": "https://wolt.com/cs/cze/prague/venue/albert-vinohradska/palmolive-pampering-oil-sprchovy-gel-itemid-64ca0b7cba162577de48a1d0",
      "image_url": "https://imageproxy.wolt.com/menu/menu-images/64ffec4406cca0140dfab831/2a3e06e6-8ebd-11ee-b993-fea1896da317_26923994.jpg",
      "categories": [
        "DROGERIE A KOSMETIKA",
        "MÝDLA A GELY"
      ],
      "prices": [
        {
          "store_name": "Albert",
          "price": null,
          "original_price": null,
          "unit_price": 199.6,
          "unit": "l",
          "package_size": "250 ml",
          "condition": "Sleva"
        }
      ],
      "description": null
    },
    {
      "name": "Albert Raw tyčinka arašídy a kakao",
      "brand": "Albert",
      "product_url": "https://wolt.com/cs/cze/prague/venue/albert-vinohradska/albert-raw-tycinka-arasidy-a-kakao-itemid-64ca0b7cba162577de4893a5",
      "image_url": "https://imageproxy.wolt.com/menu/menu-images/64ffec4406cca0140dfab831/c9b045a0-8ec1-11ee-8654-46b0bb5ce808_27260012.jpg",
      "categories": [
        "TRVANLIVÉ",
        "MÜSLI A CEREÁLIE"
      ],
      "prices": [
        {
          "store_name": "Albert",
          "price": 16.9,
          "original_price": null,
          "unit_price": 338.0,
          "unit": "Kg",
          "package_size": "50 g",
          "condition": null
        }
      ],
      "description": null
    },
    {
      "name": "Opavia BeBe Rodinné kakaové cereální sušenky",
      "brand": "Opavia",
      "product_url": "https://wolt.com/cs/cze/prague/venue/albert-vinohradska/opavia-bebe-rodinne-kakaove-cerealni-susenky-itemid-64ca0b7cba162577de4894e3",
      "image_url": "https://imageproxy.wolt.com/menu/menu-images/63ad795db242366d1f818f36/a719312a-f8ef-11ef-80e1-d6c90d073e79_20316181.jpg",
      "categories": [
        "TRVANLIVÉ",
        "SLADKOSTI"
      ],
      "prices": [
        {
          "store_name": "Albert",
          "price": 21.9,
          "original_price": null,
          "unit_price": 168.46,
          "unit": "Kg",
          "package_size": "130 g",
          "condition": null
        }
      ],
      "description": null
    },
    {
      "name": "Albert Kapsa drůbeží v omáčce pro kočky",
      "brand": "Albert",
      "product_url": "https://wolt.com/cs/cze/prague/venue/albert-vinohradska/albert-kapsa-drubezi-v-omacce-pro-kocky-itemid-64ca0b7cba162577de489d09",
      "image_url": "https://imageproxy.wolt.com/menu/menu-images/64ffec4406cca0140dfab831/536ac640-8eb2-11ee-bd90-166df9adf1b7_24708890.jpg",
      "categories": [
        "ZVÍŘATA",
        "KOČKY"
      ],
      "prices": [
        {
          "store_name": "Albert",
          "price": 44.9,
          "original_price": null,
          "unit_price": 112.25,
          "unit": "Kg",
          "package_size": "400 g",
          "condition": null
        }
      ],
      "description": null
    },
    {
      "name": "Nature's Promise Eco Sprchový gel vavřín",
      "brand": "Nature's Promise",
      "product_url": "https://wolt.com/cs/cze/prague/venue/albert-vinohradska/nature-s-promise-eco-sprchovy-gel-vavrin-itemid-651c85e39c8558b424347f95",
      "image_url": "https://imageproxy.wolt.com/menu/menu-images/64ffec4406cca0140dfab831/163bc456-8ec9-11ee-96c3-02b3b6b882fb_27737972.jpg",
      "categories": [
        "DROGERIE A KOSMETIKA",
        "MÝDLA A GELY"
      ],
      "prices": [
        {
          "store_name": "Albert",
          "price": null,
          "original_price": null,
          "unit_price": 239.8,
          "unit": "l",
          "package_size": "500 ml",
          "condition": "Sleva"
        }
      ],
      "description": null
    },
    {
      "name": "Franz Josef Kaiser Kalamáry v oleji",
      "brand": "Franz Josef Kaiser",
      "product_url": "https://wolt.com/cs/cze/prague/venue/albert-vinohradska/franz-josef-kaiser-kalamary-v-oleji-itemid-657233256818b938df9484f7",
      "image_url": "https://imageproxy.wolt.com/menu/menu-images/64ffec4406cca0140dfab831/ce35360c-8eb8-11ee-98d0-76d8d681f910_26270173.jpg",
      "categories": [
        "TRVANLIVÉ",
        "KONZERVOVANÉ POTR."
      ],
      "prices": [
        {
          "store_name": "Albert",
          "price": 52.9,
          "original_price": null,
          "unit_price": 979.63,
          "unit": "Kg",
          "package_size": "54 g",
          "condition": null
        }
      ],
      "description": null
    },
    {
      "name": "Harmony Soft Prima papírové kapesníky",
      "brand": "Harmony",
      "product_url": "https://wolt.com/cs/cze/prague/venue/albert-vinohradska/harmony-soft-prima-papirove-kapesniky-itemid-66020103af091defec9ef77b",
      "image_url": "https://imageproxy.wolt.com/menu/menu-images/63ad795db242366d1f818f36/d07bd148-7825-11f0-b039-4eac2a3f01cc_20695071.jpg",
      "categories": [
        "DROGERIE A KOSMETIKA",
        "PAPÍROVÁ HYGIENA"
      ],
      "prices": [
        {
          "store_name": "Albert",
          "price": 42.9,
          "original_price": null,
          "unit_price": 4.29,
          "unit": "ks",
          "package_size": "‪10‬ kusů",
          "condition": null
        }
      ],
      "description": null
    },
    {
      "name": "Borges Bio Extra panenský olivový olej",
      "brand": "Borges",
      "product_url": "https://wolt.com/cs/cze/prague/venue/albert-vinohradska/borges-bio-extra-panensky-olivovy-olej-itemid-64ca0b7cba162577de489f2a",
      "image_url": "https://imageproxy.wolt.com/menu/menu-images/63ad795db242366d1f818f36/40946b2c-1c04-11ef-998a-5a6b3581df31_24927161.jpg",
      "categories": [
        "TRVANLIVÉ",
        "OLEJE A OCTY"
      ],
      "prices": [
        {
          "store_name": "Albert",
          "price": 349.0,
          "original_price": null,
          "unit_price": 698.0,
          "unit": "l",
          "package_size": "500 ml",
          "condition": null
        }
      ],
      "description": null
    },
    {
      "name": "Seeberger Směs ořechů s klikvou v čokoládě",
      "brand": "Seeberger",
      "product_url": "https://wolt.com/cs/cze/prague/venue/albert-vinohradska/seeberger-smes-orechu-s-klikvou-v-cokolade-itemid-64ca0b7cba162577de48a570",
      "image_url": "https://imageproxy.wolt.com/menu/menu-images/64ffec4406cca0140dfab831/53b37852-8ec8-11ee-996d-6aec994b6205_27714850.jpg",
      "categories": [
        "OVOCE A ZELENINA",
        "SUCHÉ PLODY"
      ],
      "prices": [
        {
          "store_name": "Albert",
          "price": 109.9,
          "original_price": null,
          "unit_price": 732.67,
          "unit": "Kg",
          "package_size": "150 g",
          "condition": null
        }
      ],
      "description": null
    },
    {
      "name": "Gustona Olivy zelené plněné paprikovou pastou",
      "brand": "Gustona",
      "product_url": "https://wolt.com/cs/cze/prague/venue/albert-vinohradska/gustona-olivy-zelene-plnene-paprikovou-pastou-itemid-64ca0b7cba162577de488fff",
      "image_url": "https://imageproxy.wolt.com/menu/menu-images/64ffec4406cca0140dfab831/d54c0980-8eb7-11ee-b9d5-2672547c66c2_26075822.jpg",
      "categories": [
        "TRVANLIVÉ",
        "KONZERVOVANÉ POTR."
      ],
      "prices": [
        {
          "store_name": "Albert",
          "price": 14.9,
          "original_price": null,
          "unit_price": 186.25,
          "unit": "Kg",
          "package_size": "80 g",
          "condition": null
        }
      ],
      "description": null
    },
    {
      "name": "Giana Jahody",
      "brand": "Giana",
      "product_url": "https://wolt.com/cs/cze/prague/venue/albert-vinohradska/giana-jahody-itemid-64ca0b7cba162577de489706",
      "image_url": "https://imageproxy.wolt.com/menu/menu-images/63ad795db242366d1f818f36/cb624178-5efa-11ef-ac0a-b61d8ebd9f2a_22327147.jpg",
      "categories": [
        "TRVANLIVÉ",
        "KONZERVOVANÉ POTR."
      ],
      "prices": [
        {
          "store_name": "Albert",
          "price": 49.9,
          "original_price": null,
          "unit_price": 311.88,
          "unit": "Kg",
          "package_size": "160 g",
          "condition": null
        }
      ],
      "description": null
    },
    {
      "name": "Ahmad Tea Ovocný čaj mix citrusů",
      "brand": "Ahmad",
      "product_url": "https://wolt.com/cs/cze/prague/venue/albert-vinohradska/ahmad-tea-ovocny-caj-mix-citrusu-itemid-64ca0b7cba162577de489bfe",
      "image_url": "https://imageproxy.wolt.com/menu/menu-images/64ffec4406cca0140dfab831/71353e4e-8eb2-11ee-8cef-96b10ce163de_24760119.jpg",
      "categories": [
        "NÁPOJE",
        "KÁVA A ČAJ"
      ],
      "prices": [
        {
          "store_name": "Albert",
          "price": 81.9,
          "original_price": null,
          "unit_price": 2047.5,
          "unit": "Kg",
          "package_size": "40 g",
          "condition": null
        }
      ],
      "description": null
    },
    {
      "name": "Albert Toustový chléb máslový, krájený",
      "brand": "Albert",
      "product_url": "https://wolt.com/cs/cze/prague/venue/albert-vinohradska/albert-toustovy-chleb-maslovy-krajeny-itemid-64ca0b7cba162577de489057",
      "image_url": "https://imageproxy.wolt.com/menu/menu-images/63ad795db242366d1f818f36/0c0f7840-7826-11f0-b678-4e04c21ff4dd_24955027.jpg",
      "categories": [
        "PEKÁRNA A CUKRÁRNA",
        "CHLÉB BALENÝ"
      ],
      "prices": [
        {
          "store_name": "Albert",
          "price": 31.9,
          "original_price": null,
          "unit_price": 63.8,
          "unit": "Kg",
          "package_size": "500 g",
          "condition": null
        }
      ],
      "description": null
    },
    {
      "name": "Biolit Past proti potravinovým molům",
      "brand": "Biolit",
      "product_url": "https://wolt.com/cs/cze/prague/venue/albert-vinohradska/biolit-past-proti-potravinovym-molum-itemid-64ca0b7cba162577de4892bf",
      "image_url": "https://imageproxy.wolt.com/menu/menu-images/64ffec4406cca0140dfab831/74c0f644-8eb1-11ee-a16d-e6fbf8d3c3b0_24372336.jpg",
      "categories": [
        "DOMÁCNOST A ZAHRADA",
        "ÚKLIDOVÉ POTŘEBY"
      ],
      "prices": [
        {
          "store_name": "Albert",
          "price": 119.9,
          "original_price": null,
          "unit_price": 39.97,
          "unit": "ks",
          "package_size": "‪3‬ kusů",
          "condition": "Vyprodáno"
        }
      ],
      "description": null
    },
    {
      "name": "Viňa Tarapacá Merlot",
      "brand": "Viňa",
      "product_url": "https://wolt.com/cs/cze/prague/venue/albert-vinohradska/vina-tarapaca-merlot-itemid-64ca0b7cba162577de4881f9",
      "image_url": "https://imageproxy.wolt.com/menu/menu-images/64ffec4406cca0140dfab831/a5cca9fc-8eae-11ee-aac5-a20c72ca170b_22635167.jpg",
      "categories": [
        "NÁPOJE",
        "VÍNA"
      ],
      "prices": [
        {
          "store_name": "Albert",
          "price": 209.0,
          "original_price": null,
          "unit_price": 278.67,
          "unit": "l",
          "package_size": "750 ml, 13,5% alc",
          "condition": "18+"
        }
      ],
      "description": null
    },
    {
      "name": "Ludwig Rulandské šedé",
      "brand": "Ludwig",
      "product_url": "https://wolt.com/cs/cze/prague/venue/albert-vinohradska/ludwig-rulandske-sede-itemid-657233256818b938df9489e6",
      "image_url": "https://imageproxy.wolt.com/menu/menu-images/64ffec4406cca0140dfab831/3e841a8c-8ec2-11ee-8265-9a1f6ae41663_27289532.jpg",
      "categories": [
        "NÁPOJE",
        "VÍNA"
      ],
      "prices": [
        {
          "store_name": "Albert",
          "price": 139.9,
          "original_price": null,
          "unit_price": 186.53,
          "unit": "l",
          "package_size": "750 ml, 12,5% alc",
          "condition": "18+"
        }
      ],
      "description": null
    },
    {
      "name": "Emco Mysli na zdraví Křupavé karamel",
      "brand": "Emco",
      "product_url": "https://wolt.com/cs/cze/prague/venue/albert-vinohradska/emco-mysli-na-zdravi-krupave-karamel-itemid-64ca0b7cba162577de489745",
      "image_url": "https://imageproxy.wolt.com/menu/menu-images/64ffec4406cca0140dfab831/3c510df0-8ebe-11ee-92ff-3abcd54edd52_27007532.jpg",
      "categories": [
        "TRVANLIVÉ",
        "MÜSLI A CEREÁLIE"
      ],
      "prices": [
        {
          "store_name": "Albert",
          "price": 125.9,
          "original_price": null,
          "unit_price": 167.87,
          "unit": "Kg",
          "package_size": "750 g",
          "condition": null
        }
      ],
      "description": null
    },
    {
      "name": "Kolonáda Trojhránky lázeňské oplatky čokoláda",
      "brand": "Kolonáda",
      "product_url": "https://wolt.com/cs/cze/prague/venue/albert-vinohradska/kolonada-trojhranky-lazenske-oplatky-cokolada-itemid-64ca0b7cba162577de489dd6",
      "image_url": "https://imageproxy.wolt.com/menu/menu-images/64ffec4406cca0140dfab831/96054270-8eb5-11ee-bc8c-2a867062f6f7_25582956.jpg",
      "categories": [
        "TRVANLIVÉ",
        "SLADKOSTI"
      ],
      "prices": [
        {
          "store_name": "Albert",
          "price": 99.9,
          "original_price": null,
          "unit_price": 499.5,
          "unit": "Kg",
          "package_size": "200 g",
          "condition": null
        }
      ],
      "description": null
    },
    {
      "name": "Albert Excellent Tapas Smetanový sýr s paprikou",
      "brand": "Albert Excellent",
      "product_url": "https://wolt.com/cs/cze/prague/venue/albert-vinohradska/albert-excellent-tapas-smetanovy-syr-s-paprikou-itemid-6602269a3ab0e965a47b415f",
      "image_url": "https://imageproxy.wolt.com/menu/menu-images/63ad795db242366d1f818f36/900562ca-8e26-11f0-8f0b-0eafb42c0f85_27643488.jpg",
      "categories": [
        "UZENINY A LAHŮDKY",
        "TAPAS"
      ],
      "prices": [
        {
          "store_name": "Albert",
          "price": 69.0,
          "original_price": null,
          "unit_price": 552.0,
          "unit": "Kg",
          "package_size": "125 g",
          "condition": null
        }
      ],
      "description": null
    },
    {
      "name": "Zewa Softis Original papírové kapesníky",
      "brand": "Zewa",
      "product_url": "https://wolt.com/cs/cze/prague/venue/albert-vinohradska/zewa-softis-original-papirove-kapesniky-itemid-64ca0b7cba162577de489edd",
      "image_url": "https://imageproxy.wolt.com/menu/menu-images/64ffec4406cca0140dfab831/1831550a-8eb0-11ee-8aa7-96ff514b0205_23641334.jpg",
      "categories": [
        "DROGERIE A KOSMETIKA",
        "PAPÍROVÁ HYGIENA"
      ],
      "prices": [
        {
          "store_name": "Albert",
          "price": 69.9,
          "original_price": null,
          "unit_price": 6.99,
          "unit": "ks",
          "package_size": "‪10‬ kusů",
          "condition": "Vyprodáno"
        }
      ],
      "description": null
    },
    {
      "name": "Bombus Protein 30% Peanut & Chocolate",
      "brand": "Bombus",
      "product_url": "https://wolt.com/cs/cze/prague/venue/albert-vinohradska/bombus-protein-30-peanut-chocolate-itemid-6601f497f30be3f08e445fa5",
      "image_url": "https://imageproxy.wolt.com/menu/menu-images/6601c613e48d1c8d95333085/fcc53c88-eae3-11ee-aa77-5a414db1e559_27318799.jpg",
      "categories": [
        "TRVANLIVÉ",
        "MÜSLI A CEREÁLIE"
      ],
      "prices": [
        {
          "store_name": "Albert",
          "price": null,
          "original_price": null,
          "unit_price": 498.0,
          "unit": "Kg",
          "package_size": "50 g",
          "condition": "Sleva"
        }
      ],
      "description": null
    },
    {
      "name": "Dialine Perník švestkový",
      "brand": "Dialine",
      "product_url": "https://wolt.com/cs/cze/prague/venue/albert-vinohradska/dialine-pernik-svestkovy-itemid-64ca0b7cba162577de489827",
      "image_url": "https://imageproxy.wolt.com/menu/menu-images/64ffec4406cca0140dfab831/5f8616e8-8eb5-11ee-bb48-02d10f7fce64_25539196.jpg",
      "categories": [
        "TRVANLIVÉ",
        "SLADKOSTI"
      ],
      "prices": [
        {
          "store_name": "Albert",
          "price": 19.9,
          "original_price": null,
          "unit_price": 331.67,
          "unit": "Kg",
          "package_size": "60 g",
          "condition": null
        }
      ],
      "description": null
    },
    {
      "name": "Albert Mrkev a hrášek mix",
      "brand": "Albert",
      "product_url": "https://wolt.com/cs/cze/prague/venue/albert-vinohradska/albert-mrkev-a-hrasek-mix-itemid-6876153a0c6218e9f3e5f42a",
      "image_url": "https://imageproxy.wolt.com/menu/menu-images/64b62ec5e5ab70cdc92e30f0/f447474c-616e-11f0-ae6e-86deaa4cd70e_25905298.jpg",
      "categories": [
        "MRAŽENÉ POTRAVINY",
        "MRAŽENÉ OVOCE A ZELENINA"
      ],
      "prices": [
        {
          "store_name": "Albert",
          "price": 21.9,
          "original_price": null,
          "unit_price": 62.57,
          "unit": "Kg",
          "package_size": "350 g",
          "condition": null
        }
      ],
      "description": null
    },
    {
      "name": "Delika Hanácký salát",
      "brand": "Delika",
      "product_url": "https://wolt.com/cs/cze/prague/venue/albert-vinohradska/delika-hanacky-salat-itemid-657233256818b938df948a62",
      "image_url": "https://imageproxy.wolt.com/menu/menu-images/64ffec4406cca0140dfab831/274b7bee-8ec2-11ee-b3ae-5e8cfe3fa30b_27284223.jpg",
      "categories": [
        "UZENINY A LAHŮDKY",
        "SALÁTY A POMAZÁNKY"
      ],
      "prices": [
        {
          "store_name": "Albert",
          "price": 23.9,
          "original_price": null,
          "unit_price": 159.33,
          "unit": "Kg",
          "package_size": "150 g",
          "condition": null
        }
      ],
      "description": null
    },
    {
      "name": "Hrušky zelené",
      "brand": "Hrušky",
      "product_url": "https://wolt.com/cs/cze/prague/venue/albert-vinohradska/hrusky-zelene-itemid-68b4adaa58fd339c06008aaa",
      "image_url": "https://imageproxy.wolt.com/menu/menu-images/6666a3a295b96e9eba377ef3/e1335e14-04c3-11f0-98d6-7e9f6897d748_20457334.jpg",
      "categories": [
        "OVOCE A ZELENINA",
        "OVOCE"
      ],
      "prices": [
        {
          "store_name": "Albert",
          "price": 10.78,
          "original_price": null,
          "unit_price": null,
          "unit": null,
          "package_size": "~240 g",
          "condition": null
        }
      ],
      "description": null
    },
    {
      "name": "La Bonta Italiana Gnocchi bramborové mini",
      "brand": "La Bonta Italiana",
      "product_url": "https://wolt.com/cs/cze/prague/venue/albert-vinohradska/la-bonta-italiana-gnocchi-bramborove-mini-itemid-64ca0b7cba162577de48903c",
      "image_url": "https://imageproxy.wolt.com/menu/menu-images/64ffec4406cca0140dfab831/0a91f2b0-8eb5-11ee-8b5d-feea992db910_25471427.jpg",
      "categories": [
        "TRVANLIVÉ",
        "TĚSTOVINY A KUSKUS"
      ],
      "prices": [
        {
          "store_name": "Albert",
          "price": 68.9,
          "original_price": null,
          "unit_price": 137.8,
          "unit": "Kg",
          "package_size": "500 g",
          "condition": null
        }
      ],
      "description": null
    },
    {
      "name": "Pampers Night Pants Pleny kalhotkové, velikost 4",
      "brand": "Pampers",
      "product_url": "https://wolt.com/cs/cze/prague/venue/albert-vinohradska/pampers-night-pants-pleny-kalhotkove-velikost-4-itemid-6601f04a70bd9a168cf8d176",
      "image_url": "https://imageproxy.wolt.com/menu/menu-images/6601c613e48d1c8d95333085/43e249ee-eae4-11ee-b8a1-eeff4dfe8a12_27516782.jpg",
      "categories": [
        "DÍTĚ",
        "PLENY A PODLOŽKY"
      ],
      "prices": [
        {
          "store_name": "Albert",
          "price": 249.0,
          "original_price": null,
          "unit_price": 9.96,
          "unit": "ks",
          "package_size": "‪25‬ kusů",
          "condition": null
        }
      ],
      "description": null
    },
    {
      "name": "Ferrero Raffaello",
      "brand": "Ferrero",
      "product_url": "https://wolt.com/cs/cze/prague/venue/albert-vinohradska/ferrero-raffaello-itemid-64ca0b7cba162577de4892b2",
      "image_url": "https://imageproxy.wolt.com/menu/menu-images/64ffec4406cca0140dfab831/a0881b72-8eac-11ee-9398-2e6db99b5925_20316426.jpg",
      "categories": [
        "TRVANLIVÉ",
        "SLADKOSTI"
      ],
      "prices": [
        {
          "store_name": "Albert",
          "price": 155.0,
          "original_price": null,
          "unit_price": 1033.33,
          "unit": "Kg",
          "package_size": "150 g",
          "condition": null
        }
      ],
      "description": null
    },
    {
      "name": "Nature's Promise Jogurt vanilkový bez laktózy",
      "brand": "Nature's Promise",
      "product_url": "https://wolt.com/cs/cze/prague/venue/albert-vinohradska/nature-s-promise-jogurt-vanilkovy-bez-laktozy-itemid-64ca0b7cba162577de488553",
      "image_url": "https://imageproxy.wolt.com/menu/menu-images/63ad795db242366d1f818f36/7ddb3890-8e26-11f0-8846-da2df9998d87_27169650.jpg",
      "categories": [
        "MLÉČNÉ A CHLAZENÉ",
        "JOGURTY A DEZERTY"
      ],
      "prices": [
        {
          "store_name": "Albert",
          "price": null,
          "original_price": null,
          "unit_price": 99.33,
          "unit": "Kg",
          "package_size": "150 g",
          "condition": "Sleva"
        }
      ],
      "description": null
    },
    {
      "name": "FuzeTea Peach Hibiscus černý ledový čaj",
      "brand": "FuzeTea",
      "product_url": "https://wolt.com/cs/cze/prague/venue/albert-vinohradska/fuzetea-peach-hibiscus-cerny-ledovy-caj-itemid-64ca0b7cba162577de48a113",
      "image_url": "https://imageproxy.wolt.com/menu/menu-images/63ad795db242366d1f818f36/4cbb1f88-bbe4-11ef-ab03-36d3d018224d_26914909.jpg",
      "categories": [
        "NÁPOJE",
        "LIMONÁDY"
      ],
      "prices": [
        {
          "store_name": "Albert",
          "price": 29.9,
          "original_price": null,
          "unit_price": 59.8,
          "unit": "l",
          "package_size": "500 ml",
          "condition": null
        }
      ],
      "description": null
    },
    {
      "name": "Kostelecké uzeniny Junior",
      "brand": "Kostelecké",
      "product_url": "https://wolt.com/cs/cze/prague/venue/albert-vinohradska/kostelecke-uzeniny-junior-itemid-657233256818b938df947830",
      "image_url": "https://imageproxy.wolt.com/menu/menu-images/64ffec4406cca0140dfab831/bee948b0-8ebc-11ee-8327-1299365deb04_26865379.jpg",
      "categories": [
        "UZENINY A LAHŮDKY",
        "SALÁMY"
      ],
      "prices": [
        {
          "store_name": "Albert",
          "price": 19.9,
          "original_price": null,
          "unit_price": 199.0,
          "unit": "Kg",
          "package_size": "100 g",
          "condition": null
        }
      ],
      "description": null
    },
    {
      "name": "Albert Tyčinky pro psy s dršťkami",
      "brand": "Albert",
      "product_url": "https://wolt.com/cs/cze/prague/venue/albert-vinohradska/albert-tycinky-pro-psy-s-drstkami-itemid-64ca0b7cba162577de48886d",
      "image_url": "https://imageproxy.wolt.com/menu/menu-images/63ad795db242366d1f818f36/37266958-7826-11f0-9b18-92e21b2959a5_26427133.jpg",
      "categories": [
        "ZVÍŘATA",
        "PSI"
      ],
      "prices": [
        {
          "store_name": "Albert",
          "price": 24.9,
          "original_price": null,
          "unit_price": 207.5,
          "unit": "Kg",
          "package_size": "120 g",
          "condition": null
        }
      ],
      "description": null
    },
    {
      "name": "Dalamánek",
      "brand": "Dalamánek",
      "product_url": "https://wolt.com/cs/cze/prague/venue/albert-vinohradska/dalamanek-itemid-64ca0b7cba162577de489666",
      "image_url": "https://imageproxy.wolt.com/menu/menu-images/64ffec4406cca0140dfab831/d532bf76-8ec5-11ee-a599-6aec994b6205_27578025.jpg",
      "categories": [
        "PEKÁRNA A CUKRÁRNA",
        "SLANÉ PEČIVO VOLNÉ"
      ],
      "prices": [
        {
          "store_name": "Albert",
          "price": null,
          "original_price": null,
          "unit_price": 103.66,
          "unit": "Kg",
          "package_size": "82 g",
          "condition": "Sleva"
        }
      ],
      "description": null
    },
    {
      "name": "Orbit Refresher  Tropical dóza",
      "brand": "Orbit",
      "product_url": "https://wolt.com/cs/cze/prague/venue/albert-vinohradska/orbit-refresher-tropical-doza-itemid-6601e837f0f9d316a6e67ff8",
      "image_url": "https://imageproxy.wolt.com/menu/menu-images/63ad795db242366d1f818f36/07a50c08-f8f0-11ef-b458-8a7246b36f31_27689936.jpg",
      "categories": [
        "TRVANLIVÉ",
        "SLADKOSTI"
      ],
      "prices": [
        {
          "store_name": "Albert",
          "price": 84.9,
          "original_price": null,
          "unit_price": 1267.16,
          "unit": "Kg",
          "package_size": "67 g",
          "condition": null
        }
      ],
      "description": null
    },
    {
      "name": "Leros Čaj Jahůdka dětský Jahůdka",
      "brand": "Leros",
      "product_url": "https://wolt.com/cs/cze/prague/venue/albert-vinohradska/leros-caj-jahudka-detsky-jahudka-itemid-6601f5bea759a5373047aaf2",
      "image_url": "https://imageproxy.wolt.com/menu/menu-images/6601c613e48d1c8d95333085/3abcfcc4-eae4-11ee-9e10-a2932bff438e_27486733.jpg",
      "categories": [
        "NÁPOJE",
        "KÁVA A ČAJ"
      ],
      "prices": [
        {
          "store_name": "Albert",
          "price": 39.9,
          "original_price": null,
          "unit_price": 997.5,
          "unit": "Kg",
          "package_size": "40 g",
          "condition": null
        }
      ],
      "description": null
    },
    {
      "name": "Albert Excellent Zrající ovčí sýr 50%",
      "brand": "Albert Excellent",
      "product_url": "https://wolt.com/cs/cze/prague/venue/albert-vinohradska/albert-excellent-zrajici-ovci-syr-50-itemid-657233256818b938df947d64",
      "image_url": "https://imageproxy.wolt.com/menu/menu-images/63ad795db242366d1f818f36/4252f624-bbe4-11ef-ae62-f6b1e0c15e99_26984391.jpg",
      "categories": [
        "MLÉČNÉ A CHLAZENÉ",
        "SÝRY"
      ],
      "prices": [
        {
          "store_name": "Albert",
          "price": null,
          "original_price": null,
          "unit_price": null,
          "unit": null,
          "package_size": null,
          "condition": "Sleva, Vyprodáno"
        }
      ],
      "description": null
    },
    {
      "name": "Albert Jáhly loupané proso",
      "brand": "Albert",
      "product_url": "https://wolt.com/cs/cze/prague/venue/albert-vinohradska/albert-jahly-loupane-proso-itemid-64ca0b7cba162577de489453",
      "image_url": "https://imageproxy.wolt.com/menu/menu-images/64ffec4406cca0140dfab831/2abb4f58-8ec1-11ee-bd2c-66f80a096b2a_27219478.jpg",
      "categories": [
        "TRVANLIVÉ",
        "RÝŽE A VAŘENÍ"
      ],
      "prices": [
        {
          "store_name": "Albert",
          "price": 33.9,
          "original_price": null,
          "unit_price": 67.8,
          "unit": "Kg",
          "package_size": "500 g",
          "condition": "Vyprodáno"
        }
      ],
      "description": null
    },
    {
      "name": "Pernerka Bio špaldová celozrnná hladká mouka",
      "brand": "Pernerka",
      "product_url": "https://wolt.com/cs/cze/prague/venue/albert-vinohradska/pernerka-bio-spaldova-celozrnna-hladka-mouka-itemid-651c84d155d56a59be1786cc",
      "image_url": "https://imageproxy.wolt.com/menu/menu-images/64ffec4406cca0140dfab831/5baae146-8ec1-11ee-9595-a2846f3734b2_27241455.jpg",
      "categories": [
        "TRVANLIVÉ",
        "PEČENÍ A VAŘENÍ"
      ],
      "prices": [
        {
          "store_name": "Albert",
          "price": 44.9,
          "original_price": null,
          "unit_price": 44.9,
          "unit": "Kg",
          "package_size": "1 kg",
          "condition": null
        }
      ],
      "description": null
    },
    {
      "name": "Cif Original krém",
      "brand": "Cif",
      "product_url": "https://wolt.com/cs/cze/prague/venue/albert-vinohradska/ciforiginalkrem-itemid-64ca0b7cba162577de488f3f",
      "image_url": "https://imageproxy.wolt.com/menu/menu-images/63ad795db242366d1f818f36/68620104-f0d1-11ee-aa20-86032e276020_20330903.jpg",
      "categories": [
        "DROGERIE A KOSMETIKA",
        "ČISTÍCÍ PROSTŘEDKY"
      ],
      "prices": [
        {
          "store_name": "Albert",
          "price": null,
          "original_price": null,
          "unit_price": 119.8,
          "unit": "l",
          "package_size": "500 ml",
          "condition": "Sleva"
        }
      ],
      "description": null
    },
    {
      "name": "Gervais Sýr tvarohový čerstvý s chilli",
      "brand": "Gervais",
      "product_url": "https://wolt.com/cs/cze/prague/venue/albert-vinohradska/gervais-syr-tvarohovy-cerstvy-s-chilli-itemid-64ca0b7cba162577de4892bd",
      "image_url": "https://imageproxy.wolt.com/menu/menu-images/63ad795db242366d1f818f36/98a68af0-5efa-11ef-a6f2-da1e2264da0d_27251850.jpg",
      "categories": [
        "MLÉČNÉ A CHLAZENÉ",
        "SÝRY"
      ],
      "prices": [
        {
          "store_name": "Albert",
          "price": null,
          "original_price": null,
          "unit_price": 311.25,
          "unit": "Kg",
          "package_size": "80 g",
          "condition": "Sleva"
        }
      ],
      "description": null
    },
    {
      "name": "Milka Choco Mini Stars sušenky s čokoládou",
      "brand": "Milka",
      "product_url": "https://wolt.com/cs/cze/prague/venue/albert-vinohradska/milka-choco-mini-stars-susenky-s-cokoladou-itemid-64ca0b7cba162577de489831",
      "image_url": "https://imageproxy.wolt.com/menu/menu-images/63ad795db242366d1f818f36/411e6486-0b7d-11ef-8fa3-ea2b31df3522_25582963.jpg",
      "categories": [
        "TRVANLIVÉ",
        "SLADKOSTI"
      ],
      "prices": [
        {
          "store_name": "Albert",
          "price": 16.9,
          "original_price": null,
          "unit_price": 456.76,
          "unit": "Kg",
          "package_size": "37 g",
          "condition": null
        }
      ],
      "description": null
    },
    {
      "name": "Emma GoNuts Směs ořechů s brusnicemi",
      "brand": "Emma",
      "product_url": "https://wolt.com/cs/cze/prague/venue/albert-vinohradska/emma-gonuts-smes-orechu-s-brusnicemi-itemid-64ca0b7cba162577de489890",
      "image_url": "https://imageproxy.wolt.com/menu/menu-images/63ad795db242366d1f818f36/4b8d179a-1c04-11ef-9591-fe2760a01a8c_27209615.jpg",
      "categories": [
        "OVOCE A ZELENINA",
        "SUCHÉ PLODY"
      ],
      "prices": [
        {
          "store_name": "Albert",
          "price": 28.9,
          "original_price": null,
          "unit_price": 412.86,
          "unit": "Kg",
          "package_size": "70 g",
          "condition": null
        }
      ],
      "description": null
    },
    {
      "name": "Franz Josef Kaiser Olivy černé bez pecek",
      "brand": "Franz Josef Kaiser",
      "product_url": "https://wolt.com/cs/cze/prague/venue/albert-vinohradska/franz-josef-kaiser-olivy-cerne-bez-pecek-itemid-64ca0b7cba162577de489de5",
      "image_url": "https://imageproxy.wolt.com/menu/menu-images/63ad795db242366d1f818f36/8747b3de-25b4-11f0-b08a-b219a790920d_25643008.jpg",
      "categories": [
        "TRVANLIVÉ",
        "KONZERVOVANÉ POTR."
      ],
      "prices": [
        {
          "store_name": "Albert",
          "price": 54.9,
          "original_price": null,
          "unit_price": 422.31,
          "unit": "Kg",
          "package_size": "130 g",
          "condition": null
        }
      ],
      "description": null
    },
    {
      "name": "Tatra Mléko do kávy 4%",
      "brand": "Tatra",
      "product_url": "https://wolt.com/cs/cze/prague/venue/albert-vinohradska/tatra-mleko-do-kavy-4-itemid-657233256818b938df948556",
      "image_url": "https://imageproxy.wolt.com/menu/menu-images/64ffec4406cca0140dfab831/909e8dde-8eb3-11ee-883b-7a4dcb26504b_25064254.jpg",
      "categories": [
        "MLÉČNÉ A CHLAZENÉ",
        "MLÉČNÉ NÁPOJE"
      ],
      "prices": [
        {
          "store_name": "Albert",
          "price": 31.9,
          "original_price": null,
          "unit_price": 63.8,
          "unit": "l",
          "package_size": "500 ml",
          "condition": null
        }
      ],
      "description": null
    },
    {
      "name": "Hellmann's Omáčka Tzatziky",
      "brand": "Hellmann's",
      "product_url": "https://wolt.com/cs/cze/prague/venue/albert-vinohradska/hellmann-s-omacka-tzatziky-itemid-64ca0b7cba162577de48a541",
      "image_url": "https://imageproxy.wolt.com/menu/menu-images/63ad795db242366d1f818f36/91524640-cca1-11ee-8d4c-b26dd3d20eec_27749128.jpg",
      "categories": [
        "MLÉČNÉ A CHLAZENÉ",
        "MAJONÉZY A TATARKY"
      ],
      "prices": [
        {
          "store_name": "Albert",
          "price": 74.9,
          "original_price": null,
          "unit_price": 299.6,
          "unit": "l",
          "package_size": "250 ml",
          "condition": null
        }
      ],
      "description": null
    },
    {
      "name": "Madeta Jihočeský tvaroh polotučný",
      "brand": "Madeta",
      "product_url": "https://wolt.com/cs/cze/prague/venue/albert-vinohradska/madeta-jihocesky-tvaroh-polotucny-itemid-64ca0b7cba162577de4890f7",
      "image_url": "https://imageproxy.wolt.com/menu/menu-images/63ad795db242366d1f818f36/bcf2be70-7825-11f0-98f3-f2fa7a2cce89_20294403.jpg",
      "categories": [
        "MLÉČNÉ A CHLAZENÉ",
        "TVAROHY"
      ],
      "prices": [
        {
          "store_name": "Albert",
          "price": null,
          "original_price": null,
          "unit_price": 75.6,
          "unit": "Kg",
          "package_size": "250 g",
          "condition": "Sleva"
        }
      ],
      "description": null
    },
    {
      "name": "Hello 100% jablko",
      "brand": "Hello",
      "product_url": "https://wolt.com/cs/cze/prague/venue/albert-vinohradska/hello-100-jablko-itemid-64ca0b7cba162577de488565",
      "image_url": "https://imageproxy.wolt.com/menu/menu-images/64ffec4406cca0140dfab831/31f31766-8eac-11ee-9acd-2e6db99b5925_20298395.jpg",
      "categories": [
        "NÁPOJE",
        "DŽUSY A NEKTARY"
      ],
      "prices": [
        {
          "store_name": "Albert",
          "price": 29.9,
          "original_price": null,
          "unit_price": 29.9,
          "unit": "l",
          "package_size": "1 l",
          "condition": null
        }
      ],
      "description": null
    },
    {
      "name": "Milka Mmmax Oreo",
      "brand": "Milka",
      "product_url": "https://wolt.com/cs/cze/prague/venue/albert-vinohradska/milka-mmmax-oreo-itemid-64ca0b7cba162577de489311",
      "image_url": "https://imageproxy.wolt.com/menu/menu-images/63ad795db242366d1f818f36/62b0a420-bbe4-11ef-82e9-12a6d8d82110_26104980.jpg",
      "categories": [
        "TRVANLIVÉ",
        "SLADKOSTI"
      ],
      "prices": [
        {
          "store_name": "Albert",
          "price": 109.9,
          "original_price": null,
          "unit_price": 366.33,
          "unit": "Kg",
          "package_size": "300 g",
          "condition": null
        }
      ],
      "description": null
    },
    {
      "name": "Franz Josef Kaiser Olivy plněné šunkou",
      "brand": "Franz Josef Kaiser",
      "product_url": "https://wolt.com/cs/cze/prague/venue/albert-vinohradska/franz-josef-kaiser-olivy-plnene-sunkou-itemid-64ca0b7cba162577de48a24b",
      "image_url": "https://imageproxy.wolt.com/menu/menu-images/63ad795db242366d1f818f36/b1119428-b931-11ee-af02-763d54947fc0_26637600.jpg",
      "categories": [
        "TRVANLIVÉ",
        "KONZERVOVANÉ POTR."
      ],
      "prices": [
        {
          "store_name": "Albert",
          "price": 54.9,
          "original_price": null,
          "unit_price": 422.31,
          "unit": "Kg",
          "package_size": "130 g",
          "condition": null
        }
      ],
      "description": null
    },
    {
      "name": "Opavia Kolonáda Lázeňské oplatky čokoládové",
      "brand": "Opavia",
      "product_url": "https://wolt.com/cs/cze/prague/venue/albert-vinohradska/opavia-kolonada-lazenske-oplatky-cokoladove-itemid-64ca0b7cba162577de489e00",
      "image_url": "https://imageproxy.wolt.com/menu/menu-images/64ffec4406cca0140dfab831/a09702f4-8eac-11ee-8ebc-fe16b6783abc_20316372.jpg",
      "categories": [
        "TRVANLIVÉ",
        "SLADKOSTI"
      ],
      "prices": [
        {
          "store_name": "Albert",
          "price": 99.9,
          "original_price": null,
          "unit_price": 499.5,
          "unit": "Kg",
          "package_size": "200 g",
          "condition": null
        }
      ],
      "description": null
    },
    {
      "name": "Grom Sorbet Jahoda",
      "brand": "Grom",
      "product_url": "https://wolt.com/cs/cze/prague/venue/albert-vinohradska/grom-sorbet-jahoda-itemid-6876153a0c6218e9f3e5f459",
      "image_url": "https://imageproxy.wolt.com/menu/menu-images/64b62ec5e5ab70cdc92e30f0/16859386-616f-11f0-82c4-e25759a280aa_27201152.jpg",
      "categories": [
        "MRAŽENÉ POTRAVINY",
        "ZMRZLINA A NANUKY"
      ],
      "prices": [
        {
          "store_name": "Albert",
          "price": 179.0,
          "original_price": null,
          "unit_price": 389.13,
          "unit": "l",
          "package_size": "460 ml",
          "condition": null
        }
      ],
      "description": null
    },
    {
      "name": "Albert Knedlík kynutý houskový",
      "brand": "Albert",
      "product_url": "https://wolt.com/cs/cze/prague/venue/albert-vinohradska/albert-knedlik-kynuty-houskovy-itemid-64ca0b7cba162577de4880eb",
      "image_url": "https://imageproxy.wolt.com/menu/menu-images/64ffec4406cca0140dfab831/0433330a-8eb7-11ee-b926-2a867062f6f7_25880908.jpg",
      "categories": [
        "UZENINY A LAHŮDKY",
        "HOTOVKY A PŘÍLOHY"
      ],
      "prices": [
        {
          "store_name": "Albert",
          "price": 19.9,
          "original_price": null,
          "unit_price": 66.33,
          "unit": "Kg",
          "package_size": "300 g",
          "condition": null
        }
      ],
      "description": null
    },
    {
      "name": "Seeberger Směs ořechů pražené solené",
      "brand": "Seeberger",
      "product_url": "https://wolt.com/cs/cze/prague/venue/albert-vinohradska/seeberger-smes-orechu-prazene-solene-itemid-64ca0b7cba162577de489b6b",
      "image_url": "https://imageproxy.wolt.com/menu/menu-images/64ffec4406cca0140dfab831/694f4b90-8eb5-11ee-931a-b6077702759d_25548471.jpg",
      "categories": [
        "OVOCE A ZELENINA",
        "SUCHÉ PLODY"
      ],
      "prices": [
        {
          "store_name": "Albert",
          "price": 109.9,
          "original_price": null,
          "unit_price": 732.67,
          "unit": "Kg",
          "package_size": "150 g",
          "condition": null
        }
      ],
      "description": null
    },
    {
      "name": "Protex Herbal tuhé mýdlo",
      "brand": "Protex",
      "product_url": "https://wolt.com/cs/cze/prague/venue/albert-vinohradska/protex-herbal-tuhe-mydlo-itemid-64ca0b7cba162577de488e37",
      "image_url": "https://imageproxy.wolt.com/menu/menu-images/63ad795db242366d1f818f36/c248cfbc-ed43-11ef-a851-a2633eab7c0e_23288454.jpg",
      "categories": [
        "DROGERIE A KOSMETIKA",
        "MÝDLA A GELY"
      ],
      "prices": [
        {
          "store_name": "Albert",
          "price": null,
          "original_price": null,
          "unit_price": 298.89,
          "unit": "Kg",
          "package_size": "90 g",
          "condition": "Sleva"
        }
      ],
      "description": null
    },
    {
      "name": "Hamé Májka lahůdkový vepřový krém",
      "brand": "Hamé",
      "product_url": "https://wolt.com/cs/cze/prague/venue/albert-vinohradska/hame-majka-lahudkovy-veprovy-krem-itemid-657233256818b938df948ae4",
      "image_url": "https://imageproxy.wolt.com/menu/menu-images/63ad795db242366d1f818f36/18f344b4-bbe4-11ef-99c2-661412d1b5d1_27544433.jpg",
      "categories": [
        "UZENINY A LAHŮDKY",
        "LAHŮDKY"
      ],
      "prices": [
        {
          "store_name": "Albert",
          "price": 29.9,
          "original_price": null,
          "unit_price": 249.17,
          "unit": "Kg",
          "package_size": "120 g",
          "condition": null
        }
      ],
      "description": null
    },
    {
      "name": "Agrola Jihočeský jogurt jahoda",
      "brand": "Agrola",
      "product_url": "https://wolt.com/cs/cze/prague/venue/albert-vinohradska/agrola-jihocesky-jogurt-jahoda-itemid-64ca0b7cba162577de489420",
      "image_url": "https://imageproxy.wolt.com/menu/menu-images/64ffec4406cca0140dfab831/1e2b92d2-8eaf-11ee-96fa-fe16b6783abc_23128927.jpg",
      "categories": [
        "MLÉČNÉ A CHLAZENÉ",
        "JOGURTY A DEZERTY"
      ],
      "prices": [
        {
          "store_name": "Albert",
          "price": 28.9,
          "original_price": null,
          "unit_price": 144.5,
          "unit": "Kg",
          "package_size": "200 g",
          "condition": null
        }
      ],
      "description": null
    },
    {
      "name": "Bohemia Sekt Demi sec",
      "brand": "Bohemia",
      "product_url": "https://wolt.com/cs/cze/prague/venue/albert-vinohradska/bohemia-sekt-demi-sec-itemid-657233256818b938df947d6c",
      "image_url": "https://imageproxy.wolt.com/menu/menu-images/64ffec4406cca0140dfab831/e37a5312-8eb3-11ee-9612-2a789dffa3ae_25170696.jpg",
      "categories": [
        "NÁPOJE",
        "VÍNA"
      ],
      "prices": [
        {
          "store_name": "Albert",
          "price": 69.9,
          "original_price": null,
          "unit_price": 349.5,
          "unit": "l",
          "package_size": "200 ml, 11% alc",
          "condition": "18+"
        }
      ],
      "description": null
    },
    {
      "name": "Albert Pepřenky rybí",
      "brand": "Albert",
      "product_url": "https://wolt.com/cs/cze/prague/venue/albert-vinohradska/albert-peprenky-rybi-itemid-64ca0b7cba162577de4883eb",
      "image_url": "https://imageproxy.wolt.com/menu/menu-images/64ffec4406cca0140dfab831/f79a756c-8ebc-11ee-a80e-461ac7d1f05d_26893617.jpg",
      "categories": [
        "UZENINY A LAHŮDKY",
        "RYBÍ SPECIALITY"
      ],
      "prices": [
        {
          "store_name": "Albert",
          "price": 42.9,
          "original_price": null,
          "unit_price": 214.5,
          "unit": "Kg",
          "package_size": "200 g",
          "condition": null
        }
      ],
      "description": null
    },
    {
      "name": "Mixit Proteinová granola Čokoláda a mandle",
      "brand": "Mixit",
      "product_url": "https://wolt.com/cs/cze/prague/venue/albert-vinohradska/mixit-proteinova-granola-cokolada-a-mandle-itemid-681b5abffcbd67bf7a8f4a1d",
      "image_url": "https://imageproxy.wolt.com/menu/menu-images/63ad795db242366d1f818f36/b1e0afb8-2b47-11f0-ae6e-9e278bf1636b_27958490.jpg",
      "categories": [
        "TRVANLIVÉ",
        "MÜSLI A CEREÁLIE"
      ],
      "prices": [
        {
          "store_name": "Albert",
          "price": 179.0,
          "original_price": null,
          "unit_price": 397.78,
          "unit": "Kg",
          "package_size": "450 g",
          "condition": "Vyprodáno"
        }
      ],
      "description": null
    },
    {
      "name": "Knorr Hotová jíška světlá",
      "brand": "Knorr",
      "product_url": "https://wolt.com/cs/cze/prague/venue/albert-vinohradska/knorr-hotova-jiska-svetla-itemid-64ca0b7cba162577de48862b",
      "image_url": "https://imageproxy.wolt.com/menu/menu-images/64ffec4406cca0140dfab831/d292b964-8ead-11ee-9818-4e1b0e3e674e_21338366.jpg",
      "categories": [
        "TRVANLIVÉ",
        "PEČENÍ A VAŘENÍ"
      ],
      "prices": [
        {
          "store_name": "Albert",
          "price": 34.9,
          "original_price": null,
          "unit_price": 139.6,
          "unit": "Kg",
          "package_size": "250 g",
          "condition": null
        }
      ],
      "description": null
    },
    {
      "name": "Ponnath Kapiový salám krájený",
      "brand": "Ponnath",
      "product_url": "https://wolt.com/cs/cze/prague/venue/albert-vinohradska/ponnath-kapiovy-salam-krajeny-itemid-64ca0b7cba162577de489445",
      "image_url": "https://imageproxy.wolt.com/menu/menu-images/63ad795db242366d1f818f36/6960ae22-8e26-11f0-a039-da8e54f0fe20_25959413.jpg",
      "categories": [
        "UZENINY A LAHŮDKY",
        "SALÁMY"
      ],
      "prices": [
        {
          "store_name": "Albert",
          "price": 32.9,
          "original_price": null,
          "unit_price": 329.0,
          "unit": "Kg",
          "package_size": "100 g",
          "condition": null
        }
      ],
      "description": null
    },
    {
      "name": "Hamé Májka mandlová",
      "brand": "Hamé",
      "product_url": "https://wolt.com/cs/cze/prague/venue/albert-vinohradska/hame-majka-mandlova-itemid-657233256818b938df9489bb",
      "image_url": "https://imageproxy.wolt.com/menu/menu-images/64ffec4406cca0140dfab831/74966136-8ec5-11ee-8f07-7639dadf697f_27544440.jpg",
      "categories": [
        "UZENINY A LAHŮDKY",
        "LAHŮDKY"
      ],
      "prices": [
        {
          "store_name": "Albert",
          "price": 29.9,
          "original_price": null,
          "unit_price": 249.17,
          "unit": "Kg",
          "package_size": "120 g",
          "condition": null
        }
      ],
      "description": null
    },
    {
      "name": "Milko Žervé z Poděbrad krémové",
      "brand": "Milko",
      "product_url": "https://wolt.com/cs/cze/prague/venue/albert-vinohradska/milko-zerve-z-podebrad-kremove-itemid-64ca0b7cba162577de48945d",
      "image_url": "https://imageproxy.wolt.com/menu/menu-images/63ad795db242366d1f818f36/7c23f8b8-765b-11ef-98d4-f2230fec3897_24593069.jpg",
      "categories": [
        "MLÉČNÉ A CHLAZENÉ",
        "SÝRY"
      ],
      "prices": [
        {
          "store_name": "Albert",
          "price": 24.9,
          "original_price": null,
          "unit_price": 311.25,
          "unit": "Kg",
          "package_size": "80 g",
          "condition": null
        }
      ],
      "description": null
    },
    {
      "name": "Mixit Müsli Do plavek",
      "brand": "Mixit",
      "product_url": "https://wolt.com/cs/cze/prague/venue/albert-vinohradska/mixit-musli-do-plavek-itemid-681b5abffcbd67bf7a8f4a21",
      "image_url": "https://imageproxy.wolt.com/menu/menu-images/63ad795db242366d1f818f36/b1c25bb2-2b47-11f0-a7ad-32355d9e9232_27958476.jpg",
      "categories": [
        "TRVANLIVÉ",
        "MÜSLI A CEREÁLIE"
      ],
      "prices": [
        {
          "store_name": "Albert",
          "price": 159.0,
          "original_price": null,
          "unit_price": 397.5,
          "unit": "Kg",
          "package_size": "400 g",
          "condition": "Vyprodáno"
        }
      ],
      "description": null
    },
    {
      "name": "Vittel Minerální voda",
      "brand": "Vittel",
      "product_url": "https://wolt.com/cs/cze/prague/venue/albert-vinohradska/vittel-mineralni-voda-itemid-64ca0b7cba162577de489c0f",
      "image_url": "https://imageproxy.wolt.com/menu/menu-images/64ffec4406cca0140dfab831/a5c11704-8eae-11ee-ac03-0ac38c9dbe6d_22635075.jpg",
      "categories": [
        "NÁPOJE",
        "VODY A MINERÁLKY"
      ],
      "prices": [
        {
          "store_name": "Albert",
          "price": 41.9,
          "original_price": null,
          "unit_price": 27.93,
          "unit": "l",
          "package_size": "1,5 l",
          "condition": null
        }
      ],
      "description": null
    },
    {
      "name": "Pickwick Ovocný čaj variace",
      "brand": "Pickwick",
      "product_url": "https://wolt.com/cs/cze/prague/venue/albert-vinohradska/pickwick-ovocny-caj-variace-itemid-64ca0b7cba162577de488533",
      "image_url": "https://imageproxy.wolt.com/menu/menu-images/64ffec4406cca0140dfab831/23ef124c-8eb0-11ee-a7fe-96ff514b0205_23675070.jpg",
      "categories": [
        "NÁPOJE",
        "KÁVA A ČAJ"
      ],
      "prices": [
        {
          "store_name": "Albert",
          "price": 32.9,
          "original_price": null,
          "unit_price": 889.19,
          "unit": "Kg",
          "package_size": "37 g",
          "condition": null
        }
      ],
      "description": null
    },
    {
      "name": "Albert Mléko plnotučné čerstvé",
      "brand": "Albert",
      "product_url": "https://wolt.com/cs/cze/prague/venue/albert-vinohradska/albert-mleko-plnotucne-cerstve-itemid-64ca0b7cba162577de4883dd",
      "image_url": "https://imageproxy.wolt.com/menu/menu-images/63ad795db242366d1f818f36/a23ea832-be3e-11f0-add5-2aae08339d60_27207789.jpg",
      "categories": [
        "MLÉČNÉ A CHLAZENÉ",
        "MLÉČNÉ NÁPOJE"
      ],
      "prices": [
        {
          "store_name": "Albert",
          "price": 27.9,
          "original_price": null,
          "unit_price": 27.9,
          "unit": "l",
          "package_size": "1 l",
          "condition": null
        }
      ],
      "description": null
    },
    {
      "name": "Lilien Wild Orchid tekuté mýdlo v sáčku",
      "brand": "Lilien",
      "product_url": "https://wolt.com/cs/cze/prague/venue/albert-vinohradska/lilien-wild-orchid-tekute-mydlo-v-sacku-itemid-6601e19d47f76d107bfde62d",
      "image_url": "https://imageproxy.wolt.com/menu/menu-images/6601c613e48d1c8d95333085/ef57344c-eae4-11ee-9c2f-9e6b6bb9a299_27730041.jpg",
      "categories": [
        "DROGERIE A KOSMETIKA",
        "MÝDLA A GELY"
      ],
      "prices": [
        {
          "store_name": "Albert",
          "price": 59.9,
          "original_price": null,
          "unit_price": 47.92,
          "unit": "l",
          "package_size": "1,25 l",
          "condition": null
        }
      ],
      "description": null
    },
    {
      "name": "Gustona Fusilli",
      "brand": "Gustona",
      "product_url": "https://wolt.com/cs/cze/prague/venue/albert-vinohradska/gustona-fusilli-itemid-64ca0b7cba162577de4884c5",
      "image_url": "https://imageproxy.wolt.com/menu/menu-images/63ad795db242366d1f818f36/5d0980be-c3f1-11ee-bc27-8252f593bff5_23320765.jpg",
      "categories": [
        "TRVANLIVÉ",
        "TĚSTOVINY A KUSKUS"
      ],
      "prices": [
        {
          "store_name": "Albert",
          "price": 12.9,
          "original_price": null,
          "unit_price": 32.25,
          "unit": "Kg",
          "package_size": "400 g",
          "condition": null
        }
      ],
      "description": null
    },
    {
      "name": "Hamé EasyCup Maďarský guláš",
      "brand": "Hamé",
      "product_url": "https://wolt.com/cs/cze/prague/venue/albert-vinohradska/hame-easycup-madarsky-gulas-itemid-657233256818b938df9480b3",
      "image_url": "https://imageproxy.wolt.com/menu/menu-images/64ffec4406cca0140dfab831/65628ebe-8eb7-11ee-b5cd-fe2992cf6bd0_25929423.jpg",
      "categories": [
        "TRVANLIVÉ",
        "INSTANTNÍ POKRMY"
      ],
      "prices": [
        {
          "store_name": "Albert",
          "price": 84.9,
          "original_price": null,
          "unit_price": 212.25,
          "unit": "Kg",
          "package_size": "400 g",
          "condition": null
        }
      ],
      "description": null
    },
    {
      "name": "Rajčata koktejlová",
      "brand": "Rajčata",
      "product_url": "https://wolt.com/cs/cze/prague/venue/albert-vinohradska/rajcata-koktejlova-itemid-64ca0b7cba162577de488701",
      "image_url": "https://imageproxy.wolt.com/menu/menu-images/63ad795db242366d1f818f36/2f85c0da-bbe4-11ef-ac41-e638c96c1e91_27299395.jpg",
      "categories": [
        "OVOCE A ZELENINA",
        "ZELENINA"
      ],
      "prices": [
        {
          "store_name": "Albert",
          "price": 69.9,
          "original_price": null,
          "unit_price": 174.75,
          "unit": "Kg",
          "package_size": "400 g",
          "condition": null
        }
      ],
      "description": null
    },
    {
      "name": "Pepsi zero sugar",
      "brand": "Pepsi",
      "product_url": "https://wolt.com/cs/cze/prague/venue/albert-vinohradska/pepsi-zero-sugar-itemid-64ca0b7cba162577de48982d",
      "image_url": "https://imageproxy.wolt.com/menu/menu-images/63ad795db242366d1f818f36/3fcfbfcc-e818-11ee-b774-e63576f4a113_20417895.jpg",
      "categories": [
        "NÁPOJE",
        "LIMONÁDY"
      ],
      "prices": [
        {
          "store_name": "Albert",
          "price": 28.9,
          "original_price": null,
          "unit_price": 57.8,
          "unit": "l",
          "package_size": "500 ml",
          "condition": null
        }
      ],
      "description": null
    },
    {
      "name": "Vitana Nové koření celé",
      "brand": "Vitana",
      "product_url": "https://wolt.com/cs/cze/prague/venue/albert-vinohradska/vitana-nove-koreni-cele-itemid-64ca0b7cba162577de48906f",
      "image_url": "https://imageproxy.wolt.com/menu/menu-images/64ffec4406cca0140dfab831/e37cd77a-8eba-11ee-afbb-76d8d681f910_26692098.jpg",
      "categories": [
        "TRVANLIVÉ",
        "KOŘENÍ A OCHUCOVADLA"
      ],
      "prices": [
        {
          "store_name": "Albert",
          "price": 22.9,
          "original_price": null,
          "unit_price": 1526.67,
          "unit": "Kg",
          "package_size": "15 g",
          "condition": null
        }
      ],
      "description": null
    },
    {
      "name": "Mucha Sekt Brut",
      "brand": "Mucha",
      "product_url": "https://wolt.com/cs/cze/prague/venue/albert-vinohradska/mucha-sekt-brut-itemid-64ca0b7cba162577de488a57",
      "image_url": "https://imageproxy.wolt.com/menu/menu-images/64ffec4406cca0140dfab831/be4ffc94-8eb9-11ee-a2d4-b6ff72c7a500_26481104.jpg",
      "categories": [
        "NÁPOJE",
        "VÍNA"
      ],
      "prices": [
        {
          "store_name": "Albert",
          "price": 184.0,
          "original_price": null,
          "unit_price": 245.33,
          "unit": "l",
          "package_size": "750 ml, 11% alc",
          "condition": "18+"
        }
      ],
      "description": null
    },
    {
      "name": "Bohemia Sekt nealkoholický",
      "brand": "Bohemia",
      "product_url": "https://wolt.com/cs/cze/prague/venue/albert-vinohradska/bohemia-sekt-nealkoholicky-itemid-64ca0b7cba162577de4888f9",
      "image_url": "https://imageproxy.wolt.com/menu/menu-images/64ffec4406cca0140dfab831/34c183dc-8eb2-11ee-be8f-3ed0b25e551d_24681247.jpg",
      "categories": [
        "NÁPOJE",
        "VÍNA"
      ],
      "prices": [
        {
          "store_name": "Albert",
          "price": 179.0,
          "original_price": null,
          "unit_price": 238.67,
          "unit": "l",
          "package_size": "750 ml",
          "condition": null
        }
      ],
      "description": null
    },
    {
      "name": "Kempy Čočka s uzeninou",
      "brand": "Kempy",
      "product_url": "https://wolt.com/cs/cze/prague/venue/albert-vinohradska/kempy-cocka-s-uzeninou-itemid-657233256818b938df9478d3",
      "image_url": "https://imageproxy.wolt.com/menu/menu-images/64ffec4406cca0140dfab831/ad4d326a-8ec1-11ee-bada-b254b150411e_27258002.jpg",
      "categories": [
        "TRVANLIVÉ",
        "KONZERVOVANÉ POTR."
      ],
      "prices": [
        {
          "store_name": "Albert",
          "price": 74.9,
          "original_price": null,
          "unit_price": 187.25,
          "unit": "Kg",
          "package_size": "400 g",
          "condition": null
        }
      ],
      "description": null
    },
    {
      "name": "Kubík Ovocná kapsička jablko a banán",
      "brand": "Kubík",
      "product_url": "https://wolt.com/cs/cze/prague/venue/albert-vinohradska/kubik-ovocna-kapsicka-jablko-a-banan-itemid-64ca0b7cba162577de4896cc",
      "image_url": "https://imageproxy.wolt.com/menu/menu-images/64ffec4406cca0140dfab831/d56d34aa-8eb9-11ee-8dbc-e2efa80c37b6_26515281.jpg",
      "categories": [
        "DÍTĚ",
        "VÝŽIVA"
      ],
      "prices": [
        {
          "store_name": "Albert",
          "price": 9.9,
          "original_price": null,
          "unit_price": 99.0,
          "unit": "Kg",
          "package_size": "100 g",
          "condition": null
        }
      ],
      "description": null
    },
    {
      "name": "Emco Mysli na zdraví Křupavé borůvky a maliny",
      "brand": "Emco",
      "product_url": "https://wolt.com/cs/cze/prague/venue/albert-vinohradska/emco-mysli-na-zdravi-krupave-boruvky-a-maliny-itemid-64ca0b7cba162577de4889fd",
      "image_url": "https://imageproxy.wolt.com/menu/menu-images/63ad795db242366d1f818f36/93853c02-be3e-11f0-8962-5278312491c5_25653472.jpg",
      "categories": [
        "TRVANLIVÉ",
        "MÜSLI A CEREÁLIE"
      ],
      "prices": [
        {
          "store_name": "Albert",
          "price": 125.9,
          "original_price": null,
          "unit_price": 167.87,
          "unit": "Kg",
          "package_size": "750 g",
          "condition": null
        }
      ],
      "description": null
    },
    {
      "name": "Albert Smetana na vaření 12%",
      "brand": "Albert",
      "product_url": "https://wolt.com/cs/cze/prague/venue/albert-vinohradska/albert-smetana-na-vareni-12-itemid-64ca0b7cba162577de488195",
      "image_url": "https://imageproxy.wolt.com/menu/menu-images/64ffec4406cca0140dfab831/663554d0-8ec0-11ee-94c2-3ac809dc7454_27171585.jpg",
      "categories": [
        "MLÉČNÉ A CHLAZENÉ",
        "SMETANY A ŠLEHAČKY"
      ],
      "prices": [
        {
          "store_name": "Albert",
          "price": 17.9,
          "original_price": null,
          "unit_price": 89.5,
          "unit": "Kg",
          "package_size": "200 g",
          "condition": null
        }
      ],
      "description": null
    },
    {
      "name": "Emco Ovocná tyčinka s jahodami",
      "brand": "Emco",
      "product_url": "https://wolt.com/cs/cze/prague/venue/albert-vinohradska/emco-ovocna-tycinka-s-jahodami-itemid-64ca0b7cba162577de488af7",
      "image_url": "https://imageproxy.wolt.com/menu/menu-images/64ffec4406cca0140dfab831/65306e2c-8eba-11ee-9f3b-02d10f7fce64_26626369.jpg",
      "categories": [
        "TRVANLIVÉ",
        "MÜSLI A CEREÁLIE"
      ],
      "prices": [
        {
          "store_name": "Albert",
          "price": 18.9,
          "original_price": null,
          "unit_price": 630.0,
          "unit": "Kg",
          "package_size": "30 g",
          "condition": null
        }
      ],
      "description": null
    },
    {
      "name": "Albert Excellent Tapas Hummus dýňový",
      "brand": "Albert Excellent",
      "product_url": "https://wolt.com/cs/cze/prague/venue/albert-vinohradska/albert-excellent-tapas-hummus-dynovy-itemid-64ca0b7cba162577de48971e",
      "image_url": "https://imageproxy.wolt.com/menu/menu-images/63ad795db242366d1f818f36/92a5a1fc-8e26-11f0-85c2-d638748799e8_27643532.jpg",
      "categories": [
        "UZENINY A LAHŮDKY",
        "TAPAS"
      ],
      "prices": [
        {
          "store_name": "Albert",
          "price": 69.0,
          "original_price": null,
          "unit_price": 394.29,
          "unit": "Kg",
          "package_size": "175 g",
          "condition": null
        }
      ],
      "description": null
    },
    {
      "name": "Akinu Kuřecí proužky pro psy",
      "brand": "Akinu",
      "product_url": "https://wolt.com/cs/cze/prague/venue/albert-vinohradska/akinu-kureci-prouzky-pro-psy-itemid-64ca0b7cba162577de488751",
      "image_url": "https://imageproxy.wolt.com/menu/menu-images/63ad795db242366d1f818f36/4c339748-c471-11f0-8f91-4a9807740c0f_25776232.jpg",
      "categories": [
        "ZVÍŘATA",
        "PSI"
      ],
      "prices": [
        {
          "store_name": "Albert",
          "price": null,
          "original_price": null,
          "unit_price": 438.67,
          "unit": "Kg",
          "package_size": "75 g",
          "condition": "Sleva"
        }
      ],
      "description": null
    },
    {
      "name": "Bella Perfecta Slim Night vložky s křidélky",
      "brand": "Bella",
      "product_url": "https://wolt.com/cs/cze/prague/venue/albert-vinohradska/bella-perfecta-slim-night-vlozky-s-kridelky-itemid-64ca0b7cba162577de488eab",
      "image_url": "https://imageproxy.wolt.com/menu/menu-images/64ffec4406cca0140dfab831/80c934d6-8ebd-11ee-9ad4-be2d1bdd5ebf_26947129.jpg",
      "categories": [
        "DROGERIE A KOSMETIKA",
        "DÁMSKÉ HYG. POTŘEBY"
      ],
      "prices": [
        {
          "store_name": "Albert",
          "price": 66.9,
          "original_price": null,
          "unit_price": 4.78,
          "unit": "ks",
          "package_size": "‪14‬ kusů",
          "condition": null
        }
      ],
      "description": null
    },
    {
      "name": "Home Kitchen Papír na pečení, archy",
      "brand": "Home",
      "product_url": "https://wolt.com/cs/cze/prague/venue/albert-vinohradska/home-kitchen-papir-na-peceni-archy-itemid-64ca0b7cba162577de488157",
      "image_url": "https://imageproxy.wolt.com/menu/menu-images/64ffec4406cca0140dfab831/97835db8-8ec3-11ee-86cf-5e8c96b8dcdd_27388716.jpg",
      "categories": [
        "DOMÁCNOST A ZAHRADA",
        "KUCHYŇSKÉ POTŘEBY"
      ],
      "prices": [
        {
          "store_name": "Albert",
          "price": 34.9,
          "original_price": null,
          "unit_price": 1.16,
          "unit": "ks",
          "package_size": "‪30‬ kusů",
          "condition": null
        }
      ],
      "description": null
    },
    {
      "name": "Patak's Korma Indická jemně pálivá omáčka",
      "brand": "Patak's",
      "product_url": "https://wolt.com/cs/cze/prague/venue/albert-vinohradska/patak-s-korma-indicka-jemne-paliva-omacka-itemid-64ca0b7cba162577de48a36b",
      "image_url": "https://imageproxy.wolt.com/menu/menu-images/64ffec4406cca0140dfab831/61d9a892-8ec4-11ee-aa6d-b254b150411e_27470244.jpg",
      "categories": [
        "TRVANLIVÉ",
        "MEZINÁRODNÍ KUCHYNĚ"
      ],
      "prices": [
        {
          "store_name": "Albert",
          "price": 93.9,
          "original_price": null,
          "unit_price": 208.67,
          "unit": "Kg",
          "package_size": "450 g",
          "condition": null
        }
      ],
      "description": null
    },
    {
      "name": "Heinz Barbecue omáčka klasik",
      "brand": "Heinz",
      "product_url": "https://wolt.com/cs/cze/prague/venue/albert-vinohradska/heinz-barbecue-omacka-klasik-itemid-64ca0b7cba162577de4899ed",
      "image_url": "https://imageproxy.wolt.com/menu/menu-images/64ffec4406cca0140dfab831/2ee85d0c-8eba-11ee-84a9-3a1814765055_26584386.jpg",
      "categories": [
        "TRVANLIVÉ",
        "KEČUPY A HOŘČICE"
      ],
      "prices": [
        {
          "store_name": "Albert",
          "price": 96.9,
          "original_price": null,
          "unit_price": 242.25,
          "unit": "l",
          "package_size": "400 ml",
          "condition": null
        }
      ],
      "description": null
    },
    {
      "name": "Hello Kitty limonáda",
      "brand": "Hello",
      "product_url": "https://wolt.com/cs/cze/prague/venue/albert-vinohradska/hello-kitty-limonada-itemid-657233256818b938df9487b4",
      "image_url": "https://imageproxy.wolt.com/menu/menu-images/64ffec4406cca0140dfab831/e775b56e-8eb4-11ee-a28d-1e9e4c6f0bda_25450255.jpg",
      "categories": [
        "NÁPOJE",
        "LIMONÁDY"
      ],
      "prices": [
        {
          "store_name": "Albert",
          "price": 22.9,
          "original_price": null,
          "unit_price": 91.6,
          "unit": "l",
          "package_size": "250 ml",
          "condition": null
        }
      ],
      "description": null
    },
    {
      "name": "Král Sýrů Hermelín zelený pepř",
      "brand": "Král",
      "product_url": "https://wolt.com/cs/cze/prague/venue/albert-vinohradska/kral-syru-hermelin-zeleny-pepr-itemid-64ca0b7cba162577de48814d",
      "image_url": "https://imageproxy.wolt.com/menu/menu-images/63ad795db242366d1f818f36/d04ff38a-25b3-11f0-af21-baa862072bae_20294922.jpg",
      "categories": [
        "MLÉČNÉ A CHLAZENÉ",
        "SÝRY"
      ],
      "prices": [
        {
          "store_name": "Albert",
          "price": null,
          "original_price": null,
          "unit_price": 332.5,
          "unit": "Kg",
          "package_size": "120 g",
          "condition": "Sleva"
        }
      ],
      "description": null
    },
    {
      "name": "Legenda 38%",
      "brand": "Legenda",
      "product_url": "https://wolt.com/cs/cze/prague/venue/albert-vinohradska/legenda-38-itemid-64ca0b7cba162577de488cad",
      "image_url": "https://imageproxy.wolt.com/menu/menu-images/63ad795db242366d1f818f36/81d9d746-cca1-11ee-9bc2-c2fbbc95ca3a_27365113.jpg",
      "categories": [
        "NÁPOJE",
        "LIHOVINY"
      ],
      "prices": [
        {
          "store_name": "Albert",
          "price": 199.0,
          "original_price": null,
          "unit_price": 398.0,
          "unit": "l",
          "package_size": "500 ml, 38% alc",
          "condition": "18+"
        }
      ],
      "description": null
    },
    {
      "name": "Kuřecí stehna chlazená",
      "brand": null,
      "product_url": "https://wolt.com/cs/cze/prague/venue/albert-vinohradska/kureci-stehna-chlazena-itemid-64ca0b7cba162577de4880cf",
      "image_url": "https://imageproxy.wolt.com/menu/menu-images/64ffec4406cca0140dfab831/3e5c07b0-8eb1-11ee-acca-4ac825cfc539_24252195.jpg",
      "categories": [
        "MASO A RYBY",
        "DRŮBEŽ"
      ],
      "prices": [
        {
          "store_name": "Albert",
          "price": null,
          "original_price": null,
          "unit_price": null,
          "unit": null,
          "package_size": null,
          "condition": "Sleva"
        }
      ],
      "description": null
    },
    {
      "name": "Birgo Citron a limetka",
      "brand": "Birgo",
      "product_url": "https://wolt.com/cs/cze/prague/venue/albert-vinohradska/birgo-citron-a-limetka-itemid-64ca0b7cba162577de48992f",
      "image_url": "https://imageproxy.wolt.com/menu/menu-images/64ffec4406cca0140dfab831/3d65b562-8ec6-11ee-b114-f29ca2c99672_27605882.jpg",
      "categories": [
        "NÁPOJE",
        "PIVA"
      ],
      "prices": [
        {
          "store_name": "Albert",
          "price": 23.9,
          "original_price": null,
          "unit_price": 47.8,
          "unit": "l",
          "package_size": "500 ml, 0,3% alc",
          "condition": null
        }
      ],
      "description": null
    },
    {
      "name": "Artesie Citrino citronové ochucovadlo",
      "brand": "Artesie",
      "product_url": "https://wolt.com/cs/cze/prague/venue/albert-vinohradska/artesie-citrino-citronove-ochucovadlo-itemid-64ca0b7cba162577de48930c",
      "image_url": "https://imageproxy.wolt.com/menu/menu-images/64ffec4406cca0140dfab831/f42e0cf0-8eb6-11ee-b5cd-fe2992cf6bd0_25867251.jpg",
      "categories": [
        "NÁPOJE",
        "SIRUPY A KONCENTRÁTY"
      ],
      "prices": [
        {
          "store_name": "Albert",
          "price": 25.9,
          "original_price": null,
          "unit_price": 51.8,
          "unit": "l",
          "package_size": "500 ml",
          "condition": null
        }
      ],
      "description": null
    },
    {
      "name": "Královská vepřová kýta bez kosti řízky",
      "brand": "Královská",
      "product_url": "https://wolt.com/cs/cze/prague/venue/albert-vinohradska/kralovska-veprova-kyta-bez-kosti-rizky-itemid-64ca0b7cba162577de488473",
      "image_url": "https://imageproxy.wolt.com/menu/menu-images/64ffec4406cca0140dfab831/97499180-8ec5-11ee-94a5-2289f94b8ae4_27557204.jpg",
      "categories": [
        "MASO A RYBY",
        "VEPŘOVÉ"
      ],
      "prices": [
        {
          "store_name": "Albert",
          "price": 85.69,
          "original_price": null,
          "unit_price": null,
          "unit": null,
          "package_size": null,
          "condition": null
        }
      ],
      "description": null
    },
    {
      "name": "Tiger Speed",
      "brand": "Tiger",
      "product_url": "https://wolt.com/cs/cze/prague/venue/albert-vinohradska/tiger-speed-itemid-657233256818b938df947f9c",
      "image_url": "https://imageproxy.wolt.com/menu/menu-images/64ffec4406cca0140dfab831/18b84b0a-8eba-11ee-9b9c-eadf6ce36c9d_26565262.jpg",
      "categories": [
        "NÁPOJE",
        "ENERGY NÁPOJE"
      ],
      "prices": [
        {
          "store_name": "Albert",
          "price": 16.9,
          "original_price": null,
          "unit_price": 33.8,
          "unit": "l",
          "package_size": "500 ml",
          "condition": null
        }
      ],
      "description": null
    },
    {
      "name": "Nature's Promise Vitamin C power shot",
      "brand": "Nature's Promise",
      "product_url": "https://wolt.com/cs/cze/prague/venue/albert-vinohradska/nature-s-promise-vitamin-c-power-shot-itemid-64ca0b7cba162577de48a664",
      "image_url": "https://imageproxy.wolt.com/menu/menu-images/64ffec4406cca0140dfab831/2d3cd168-8ec9-11ee-b6c9-0294722b0773_27740675.jpg",
      "categories": [
        "NÁPOJE",
        "DŽUSY A NEKTARY"
      ],
      "prices": [
        {
          "store_name": "Albert",
          "price": 32.9,
          "original_price": null,
          "unit_price": 263.2,
          "unit": "l",
          "package_size": "125 ml",
          "condition": null
        }
      ],
      "description": null
    },
    {
      "name": "Česká chuť Kovářský salám",
      "brand": "Česká chuť",
      "product_url": "https://wolt.com/cs/cze/prague/venue/albert-vinohradska/ceska-chut-kovarsky-salam-itemid-657233256818b938df947882",
      "image_url": "https://imageproxy.wolt.com/menu/menu-images/63ad795db242366d1f818f36/703523f0-e818-11ee-a6aa-667dc6126f46_27520932.jpg",
      "categories": [
        "UZENINY A LAHŮDKY",
        "SALÁMY"
      ],
      "prices": [
        {
          "store_name": "Albert",
          "price": 99.9,
          "original_price": null,
          "unit_price": 199.8,
          "unit": "Kg",
          "package_size": "500 g",
          "condition": null
        }
      ],
      "description": null
    },
    {
      "name": "Coffizz s příchutí pomeranč, limeta",
      "brand": "Coffizz",
      "product_url": "https://wolt.com/cs/cze/prague/venue/albert-vinohradska/coffizz-s-prichuti-pomeranc-limeta-itemid-657233256818b938df9485b9",
      "image_url": "https://imageproxy.wolt.com/menu/menu-images/63ad795db242366d1f818f36/f570c844-7827-11f0-b80b-ca5d23d4c467_27793879.jpg",
      "categories": [
        "NÁPOJE",
        "VODY A MINERÁLKY"
      ],
      "prices": [
        {
          "store_name": "Albert",
          "price": 36.9,
          "original_price": null,
          "unit_price": 73.8,
          "unit": "l",
          "package_size": "500 ml",
          "condition": null
        }
      ],
      "description": null
    },
    {
      "name": "Velo Peppermint Storm",
      "brand": "Velo",
      "product_url": "https://wolt.com/cs/cze/prague/venue/albert-vinohradska/velo-peppermint-storm-itemid-657233256818b938df948435",
      "image_url": "https://imageproxy.wolt.com/menu/menu-images/64ffec4406cca0140dfab831/ff61e848-8ec6-11ee-a920-0eb01a66e252_27637753.jpg",
      "categories": [
        "DOMÁCNOST A ZAHRADA",
        "CIGARETY"
      ],
      "prices": [
        {
          "store_name": "Albert",
          "price": 139.0,
          "original_price": null,
          "unit_price": 139.0,
          "unit": "ks",
          "package_size": "‪1‬ kus",
          "condition": "18+"
        }
      ],
      "description": null
    },
    {
      "name": "Jack Daniel's Tennessee Honey 35%",
      "brand": "Jack Daniel's",
      "product_url": "https://wolt.com/cs/cze/prague/venue/albert-vinohradska/jack-daniel-s-tennessee-honey-35-itemid-64ca0b7cba162577de488c45",
      "image_url": "https://imageproxy.wolt.com/menu/menu-images/64ffec4406cca0140dfab831/1a99e644-8eb6-11ee-8aa7-96ff514b0205_25692570.jpg",
      "categories": [
        "NÁPOJE",
        "LIHOVINY"
      ],
      "prices": [
        {
          "store_name": "Albert",
          "price": 749.0,
          "original_price": null,
          "unit_price": 1070.0,
          "unit": "l",
          "package_size": "700 ml, 35% alc",
          "condition": "18+"
        }
      ],
      "description": null
    },
    {
      "name": "Thomas Henry Tonic Cherry Blossom",
      "brand": "Thomas",
      "product_url": "https://wolt.com/cs/cze/prague/venue/albert-vinohradska/thomas-henry-tonic-cherry-blossom-itemid-64ca0b7cba162577de48a64f",
      "image_url": "https://imageproxy.wolt.com/menu/menu-images/64ffec4406cca0140dfab831/f8d252ba-8ec1-11ee-92cf-ce752cd7e428_27272152.jpg",
      "categories": [
        "NÁPOJE",
        "LIMONÁDY"
      ],
      "prices": [
        {
          "store_name": "Albert",
          "price": 34.9,
          "original_price": null,
          "unit_price": 174.5,
          "unit": "l",
          "package_size": "200 ml",
          "condition": "Vyprodáno"
        }
      ],
      "description": null
    },
    {
      "name": "Česká chuť Vysočina",
      "brand": "Česká chuť",
      "product_url": "https://wolt.com/cs/cze/prague/venue/albert-vinohradska/ceska-chut-vysocina-itemid-657233256818b938df94782d",
      "image_url": "https://imageproxy.wolt.com/menu/menu-images/64ffec4406cca0140dfab831/1eb93fd6-8ec5-11ee-9e83-222205837f4e_27520888.jpg",
      "categories": [
        "UZENINY A LAHŮDKY",
        "SALÁMY"
      ],
      "prices": [
        {
          "store_name": "Albert",
          "price": null,
          "original_price": null,
          "unit_price": 269.0,
          "unit": "Kg",
          "package_size": "100 g",
          "condition": "Sleva"
        }
      ],
      "description": null
    },
    {
      "name": "Fresh Bistro Polévka Minestrone",
      "brand": "Fresh Bistro",
      "product_url": "https://wolt.com/cs/cze/prague/venue/albert-vinohradska/fresh-bistro-polevka-minestrone-itemid-64ca0b7cba162577de488c2b",
      "image_url": "https://imageproxy.wolt.com/menu/menu-images/64ffec4406cca0140dfab831/5c27c24a-8ebe-11ee-bb32-0e9fc0f27358_27026663.jpg",
      "categories": [
        "UZENINY A LAHŮDKY",
        "HOTOVKY A PŘÍLOHY"
      ],
      "prices": [
        {
          "store_name": "Albert",
          "price": 56.9,
          "original_price": null,
          "unit_price": 142.25,
          "unit": "Kg",
          "package_size": "400 g",
          "condition": null
        }
      ],
      "description": null
    },
    {
      "name": "Albert Salát Garden mix",
      "brand": "Albert",
      "product_url": "https://wolt.com/cs/cze/prague/venue/albert-vinohradska/albert-salat-garden-mix-itemid-64ca0b7cba162577de488693",
      "image_url": "https://imageproxy.wolt.com/menu/menu-images/64ffec4406cca0140dfab831/7432f4a2-8ebb-11ee-96ce-b287692f5450_26775487.jpg",
      "categories": [
        "OVOCE A ZELENINA",
        "ZELENINA"
      ],
      "prices": [
        {
          "store_name": "Albert",
          "price": 34.9,
          "original_price": null,
          "unit_price": 211.52,
          "unit": "Kg",
          "package_size": "165 g",
          "condition": null
        }
      ],
      "description": null
    },
    {
      "name": "Boneco Tatarská omáčka sáček",
      "brand": "Boneco",
      "product_url": "https://wolt.com/cs/cze/prague/venue/albert-vinohradska/boneco-tatarska-omacka-sacek-itemid-64ca0b7cba162577de48983b",
      "image_url": "https://imageproxy.wolt.com/menu/menu-images/63ad795db242366d1f818f36/51a3ea2a-e818-11ee-a6f2-6a34309cc613_25641981.jpg",
      "categories": [
        "MLÉČNÉ A CHLAZENÉ",
        "MAJONÉZY A TATARKY"
      ],
      "prices": [
        {
          "store_name": "Albert",
          "price": 18.9,
          "original_price": null,
          "unit_price": 189.0,
          "unit": "l",
          "package_size": "100 ml",
          "condition": null
        }
      ],
      "description": null
    },
    {
      "name": "Albert Křehké plátky grahamové",
      "brand": "Albert",
      "product_url": "https://wolt.com/cs/cze/prague/venue/albert-vinohradska/albert-krehke-platky-grahamove-itemid-64ca0b7cba162577de488755",
      "image_url": "https://imageproxy.wolt.com/menu/menu-images/64ffec4406cca0140dfab831/14920e24-8ebc-11ee-8f83-c60fee242f1d_26819549.jpg",
      "categories": [
        "PEKÁRNA A CUKRÁRNA",
        "RACIO A KNÄCKEBROT"
      ],
      "prices": [
        {
          "store_name": "Albert",
          "price": 10.9,
          "original_price": null,
          "unit_price": 155.71,
          "unit": "Kg",
          "package_size": "70 g",
          "condition": null
        }
      ],
      "description": null
    },
    {
      "name": "Emma Go Nuts Směs ořechů a ovoce",
      "brand": "Emma",
      "product_url": "https://wolt.com/cs/cze/prague/venue/albert-vinohradska/emma-go-nuts-smes-orechu-a-ovoce-itemid-64ca0b7cba162577de488c11",
      "image_url": "https://imageproxy.wolt.com/menu/menu-images/63ad795db242366d1f818f36/146cbfca-168e-11ef-938a-ba18c4db6d98_26995595.jpg",
      "categories": [
        "OVOCE A ZELENINA",
        "SUCHÉ PLODY"
      ],
      "prices": [
        {
          "store_name": "Albert",
          "price": 28.9,
          "original_price": null,
          "unit_price": 412.86,
          "unit": "Kg",
          "package_size": "70 g",
          "condition": null
        }
      ],
      "description": null
    },
    {
      "name": "Olmeca Tequila Reposado",
      "brand": "Olmeca",
      "product_url": "https://wolt.com/cs/cze/prague/venue/albert-vinohradska/olmeca-tequila-reposado-itemid-657233256818b938df9485aa",
      "image_url": "https://imageproxy.wolt.com/menu/menu-images/64ffec4406cca0140dfab831/9643c926-8ead-11ee-99a9-9efff91d0ab5_20898915.jpg",
      "categories": [
        "NÁPOJE",
        "LIHOVINY"
      ],
      "prices": [
        {
          "store_name": "Albert",
          "price": 599.0,
          "original_price": null,
          "unit_price": 855.71,
          "unit": "l",
          "package_size": "700 ml, 35% alc",
          "condition": "18+, Vyprodáno"
        }
      ],
      "description": null
    },
    {
      "name": "Rois Arašídy v těstíčku classic",
      "brand": "Rois",
      "product_url": "https://wolt.com/cs/cze/prague/venue/albert-vinohradska/rois-arasidy-v-testicku-classic-itemid-657233256818b938df9483fd",
      "image_url": "https://imageproxy.wolt.com/menu/menu-images/64ffec4406cca0140dfab831/5bf31232-8eca-11ee-ab05-2e2fd9c09968_27776285.jpg",
      "categories": [
        "OVOCE A ZELENINA",
        "SUCHÉ PLODY"
      ],
      "prices": [
        {
          "store_name": "Albert",
          "price": 33.9,
          "original_price": null,
          "unit_price": 423.75,
          "unit": "Kg",
          "package_size": "80 g",
          "condition": null
        }
      ],
      "description": null
    },
    {
      "name": "Fino Pytle na odpadky s uchy 35 l zelené",
      "brand": "Fino",
      "product_url": "https://wolt.com/cs/cze/prague/venue/albert-vinohradska/fino-pytle-na-odpadky-s-uchy-35-l-zelene-itemid-64ca0b7cba162577de4896ab",
      "image_url": "https://imageproxy.wolt.com/menu/menu-images/64ffec4406cca0140dfab831/0e84ba00-8eb6-11ee-8d1f-0208801a60c2_25681451.jpg",
      "categories": [
        "DOMÁCNOST A ZAHRADA",
        "ÚKLIDOVÉ POTŘEBY"
      ],
      "prices": [
        {
          "store_name": "Albert",
          "price": 65.9,
          "original_price": null,
          "unit_price": 3.3,
          "unit": "ks",
          "package_size": "‪20‬ kusů",
          "condition": null
        }
      ],
      "description": null
    },
    {
      "name": "Albert Excellent Kozí sýr mladý 50%",
      "brand": "Albert Excellent",
      "product_url": "https://wolt.com/cs/cze/prague/venue/albert-vinohradska/albert-excellent-kozi-syr-mlady-50-itemid-657233256818b938df948ba0",
      "image_url": "https://imageproxy.wolt.com/menu/menu-images/63ad795db242366d1f818f36/0cf3faf0-bbe4-11ef-9622-4e43ade1e19a_27697436.jpg",
      "categories": [
        "MLÉČNÉ A CHLAZENÉ",
        "SÝRY"
      ],
      "prices": [
        {
          "store_name": "Albert",
          "price": null,
          "original_price": null,
          "unit_price": null,
          "unit": null,
          "package_size": null,
          "condition": "Sleva, Vyprodáno"
        }
      ],
      "description": null
    },
    {
      "name": "Fa Pink Passion Deodorant sprej",
      "brand": "Fa",
      "product_url": "https://wolt.com/cs/cze/prague/venue/albert-vinohradska/fa-pink-passion-deodorant-sprej-itemid-6601eb5b67d8a10de6137f8e",
      "image_url": "https://imageproxy.wolt.com/menu/menu-images/6601c613e48d1c8d95333085/6906069a-eae2-11ee-93a1-c2c0df7d5c88_23952355.jpg",
      "categories": [
        "DROGERIE A KOSMETIKA",
        "DEODORANTY"
      ],
      "prices": [
        {
          "store_name": "Albert",
          "price": 69.9,
          "original_price": null,
          "unit_price": 466.0,
          "unit": "l",
          "package_size": "150 ml",
          "condition": null
        }
      ],
      "description": null
    },
    {
      "name": "Racio Silouette kukuřičné s mléčnokakaovým dekorem",
      "brand": "Racio",
      "product_url": "https://wolt.com/cs/cze/prague/venue/albert-vinohradska/racio-silouette-kukuricne-s-mlecnokakaovym-dekorem-itemid-64ca0b7cba162577de4897bf",
      "image_url": "https://imageproxy.wolt.com/menu/menu-images/64ffec4406cca0140dfab831/91eb6280-8eb2-11ee-9e25-0208801a60c2_24822459.jpg",
      "categories": [
        "PEKÁRNA A CUKRÁRNA",
        "RACIO A KNÄCKEBROT"
      ],
      "prices": [
        {
          "store_name": "Albert",
          "price": 24.9,
          "original_price": null,
          "unit_price": 383.08,
          "unit": "Kg",
          "package_size": "65 g",
          "condition": null
        }
      ],
      "description": null
    },
    {
      "name": "Magnum Mini Classic, Almond & White Chocolate",
      "brand": "Magnum",
      "product_url": "https://wolt.com/cs/cze/prague/venue/albert-vinohradska/magnum-mini-classic-almond-white-chocolate-itemid-6876153a0c6218e9f3e5f43f",
      "image_url": "https://imageproxy.wolt.com/menu/menu-images/64b62ec5e5ab70cdc92e30f0/0517d88e-616f-11f0-89d0-4e92ee44ffbc_26930060.jpg",
      "categories": [
        "MRAŽENÉ POTRAVINY",
        "ZMRZLINA A NANUKY"
      ],
      "prices": [
        {
          "store_name": "Albert",
          "price": 194.0,
          "original_price": null,
          "unit_price": 587.88,
          "unit": "l",
          "package_size": "330 ml",
          "condition": null
        }
      ],
      "description": null
    },
    {
      "name": "Knorr Bohatý bujón kuřecí",
      "brand": "Knorr",
      "product_url": "https://wolt.com/cs/cze/prague/venue/albert-vinohradska/knorr-bohaty-bujon-kureci-itemid-64ca0b7cba162577de489054",
      "image_url": "https://imageproxy.wolt.com/menu/menu-images/64ffec4406cca0140dfab831/2d4cf940-8eb4-11ee-ace1-7a4dcb26504b_25257120.jpg",
      "categories": [
        "TRVANLIVÉ",
        "KOŘENÍ A OCHUCOVADLA"
      ],
      "prices": [
        {
          "store_name": "Albert",
          "price": 57.9,
          "original_price": null,
          "unit_price": 516.96,
          "unit": "Kg",
          "package_size": "112 g",
          "condition": null
        }
      ],
      "description": null
    },
    {
      "name": "KK Pražené arašídy nesolené",
      "brand": "KK",
      "product_url": "https://wolt.com/cs/cze/prague/venue/albert-vinohradska/kk-prazene-arasidy-nesolene-itemid-64ca0b7cba162577de489f1a",
      "image_url": "https://imageproxy.wolt.com/menu/menu-images/64ffec4406cca0140dfab831/d12f9ca0-8eb1-11ee-8d6b-2e3db4b64128_24544832.jpg",
      "categories": [
        "TRVANLIVÉ",
        "SLANÉ"
      ],
      "prices": [
        {
          "store_name": "Albert",
          "price": 79.9,
          "original_price": null,
          "unit_price": 319.6,
          "unit": "Kg",
          "package_size": "250 g",
          "condition": null
        }
      ],
      "description": null
    },
    {
      "name": "Orion Lentilky Dražé z mléčné čokolády",
      "brand": "Orion",
      "product_url": "https://wolt.com/cs/cze/prague/venue/albert-vinohradska/orion-lentilky-draze-z-mlecne-cokolady-itemid-64ca0b7cba162577de489a9c",
      "image_url": "https://imageproxy.wolt.com/menu/menu-images/64ffec4406cca0140dfab831/327863a4-8ec4-11ee-a9c5-aafe14bdbae5_27451588.jpg",
      "categories": [
        "TRVANLIVÉ",
        "SLADKOSTI"
      ],
      "prices": [
        {
          "store_name": "Albert",
          "price": 64.9,
          "original_price": null,
          "unit_price": 540.83,
          "unit": "Kg",
          "package_size": "120 g",
          "condition": null
        }
      ],
      "description": null
    },
    {
      "name": "Albert Kuřecí řízek s bramborovou kaší",
      "brand": "Albert",
      "product_url": "https://wolt.com/cs/cze/prague/venue/albert-vinohradska/albert-kureci-rizek-s-bramborovou-kasi-itemid-681b5abffcbd67bf7a8f4a67",
      "image_url": "https://imageproxy.wolt.com/menu/menu-images/63ad795db242366d1f818f36/b81e77ac-2b47-11f0-9572-ee60b9491742_27963821.jpg",
      "categories": [
        "UZENINY A LAHŮDKY",
        "HOTOVKY A PŘÍLOHY"
      ],
      "prices": [
        {
          "store_name": "Albert",
          "price": 99.9,
          "original_price": null,
          "unit_price": 249.75,
          "unit": "Kg",
          "package_size": "400 g",
          "condition": null
        }
      ],
      "description": null
    },
    {
      "name": "Kempy Trenčanský párek s fazolí",
      "brand": "Kempy",
      "product_url": "https://wolt.com/cs/cze/prague/venue/albert-vinohradska/kempy-trencansky-parek-s-fazoli-itemid-64ca0b7cba162577de4897ea",
      "image_url": "https://imageproxy.wolt.com/menu/menu-images/64ffec4406cca0140dfab831/be182316-8ec1-11ee-b9fd-bad10d590585_27258194.jpg",
      "categories": [
        "TRVANLIVÉ",
        "KONZERVOVANÉ POTR."
      ],
      "prices": [
        {
          "store_name": "Albert",
          "price": 74.9,
          "original_price": null,
          "unit_price": 187.25,
          "unit": "Kg",
          "package_size": "400 g",
          "condition": null
        }
      ],
      "description": null
    },
    {
      "name": "Hami Mléčná kaše 7 obilnin jahoda, banán",
      "brand": "Hami",
      "product_url": "https://wolt.com/cs/cze/prague/venue/albert-vinohradska/hami-mlecna-kase-7-obilnin-jahoda-banan-itemid-64ca0b7cba162577de48a3aa",
      "image_url": "https://imageproxy.wolt.com/menu/menu-images/64ffec4406cca0140dfab831/af615788-8ec2-11ee-8029-9a1f6ae41663_27317242.jpg",
      "categories": [
        "DÍTĚ",
        "VÝŽIVA"
      ],
      "prices": [
        {
          "store_name": "Albert",
          "price": 69.9,
          "original_price": null,
          "unit_price": 332.86,
          "unit": "Kg",
          "package_size": "210 g",
          "condition": "Vyprodáno"
        }
      ],
      "description": null
    },
    {
      "name": "Albert Cibulky ve sladkokyselém nálevu",
      "brand": "Albert",
      "product_url": "https://wolt.com/cs/cze/prague/venue/albert-vinohradska/albert-cibulky-ve-sladkokyselem-nalevu-itemid-64ca0b7cba162577de488fdb",
      "image_url": "https://imageproxy.wolt.com/menu/menu-images/64ffec4406cca0140dfab831/5ca490f4-8eb4-11ee-844d-865f2970631c_25295214.jpg",
      "categories": [
        "TRVANLIVÉ",
        "KONZERVOVANÉ POTR."
      ],
      "prices": [
        {
          "store_name": "Albert",
          "price": 29.9,
          "original_price": null,
          "unit_price": 166.11,
          "unit": "Kg",
          "package_size": "180 g",
          "condition": null
        }
      ],
      "description": null
    },
    {
      "name": "Spontex Antifungi utěrka houbová",
      "brand": "Spontex",
      "product_url": "https://wolt.com/cs/cze/prague/venue/albert-vinohradska/spontex-antifungi-uterka-houbova-itemid-64ca0b7cba162577de489c6f",
      "image_url": "https://imageproxy.wolt.com/menu/menu-images/63ad795db242366d1f818f36/c24b5c46-ed43-11ef-919a-7a1bb9aa2033_23506879.jpg",
      "categories": [
        "DOMÁCNOST A ZAHRADA",
        "ÚKLIDOVÉ POTŘEBY"
      ],
      "prices": [
        {
          "store_name": "Albert",
          "price": 44.9,
          "original_price": null,
          "unit_price": 14.97,
          "unit": "ks",
          "package_size": "‪3‬ kusů",
          "condition": null
        }
      ],
      "description": null
    },
    {
      "name": "Nescafé Gold Barista instantní káva",
      "brand": "Nescafé",
      "product_url": "https://wolt.com/cs/cze/prague/venue/albert-vinohradska/nescafe-gold-barista-instantni-kava-itemid-64ca0b7cba162577de489f7d",
      "image_url": "https://imageproxy.wolt.com/menu/menu-images/64ffec4406cca0140dfab831/cf78104c-8eb9-11ee-b070-02d10f7fce64_26494968.jpg",
      "categories": [
        "NÁPOJE",
        "KÁVA A ČAJ"
      ],
      "prices": [
        {
          "store_name": "Albert",
          "price": 319.0,
          "original_price": null,
          "unit_price": 1772.22,
          "unit": "Kg",
          "package_size": "180 g",
          "condition": null
        }
      ],
      "description": null
    },
    {
      "name": "Monster Energy Valentino Rossi",
      "brand": "Monster",
      "product_url": "https://wolt.com/cs/cze/prague/venue/albert-vinohradska/monster-energy-valentino-rossi-itemid-64ca0b7cba162577de488b6f",
      "image_url": "https://imageproxy.wolt.com/menu/menu-images/64ffec4406cca0140dfab831/041b43b0-8eb9-11ee-9620-7a99d2fb2f9f_26354538.jpg",
      "categories": [
        "NÁPOJE",
        "ENERGY NÁPOJE"
      ],
      "prices": [
        {
          "store_name": "Albert",
          "price": 29.9,
          "original_price": null,
          "unit_price": 59.8,
          "unit": "l",
          "package_size": "500 ml",
          "condition": null
        }
      ],
      "description": null
    },
    {
      "name": "Milka Bubbly čokoláda bílá a mléčná",
      "brand": "Milka",
      "product_url": "https://wolt.com/cs/cze/prague/venue/albert-vinohradska/milka-bubbly-cokolada-bila-a-mlecna-itemid-64ca0b7cba162577de488679",
      "image_url": "https://imageproxy.wolt.com/menu/menu-images/64ffec4406cca0140dfab831/827dc76c-8eb6-11ee-b16e-be8c16d2d45a_25769821.jpg",
      "categories": [
        "TRVANLIVÉ",
        "SLADKOSTI"
      ],
      "prices": [
        {
          "store_name": "Albert",
          "price": null,
          "original_price": null,
          "unit_price": 314.74,
          "unit": "Kg",
          "package_size": "95 g",
          "condition": "Sleva, Vyprodáno"
        }
      ],
      "description": null
    },
    {
      "name": "Korunní Limeta a máta jemně perlivá",
      "brand": "Korunní",
      "product_url": "https://wolt.com/cs/cze/prague/venue/albert-vinohradska/korunni-limeta-a-mata-jemne-perliva-itemid-64ca0b7cba162577de4895df",
      "image_url": "https://imageproxy.wolt.com/menu/menu-images/64ffec4406cca0140dfab831/a3efedae-8eba-11ee-a4ea-662d260bbeaa_26659831.jpg",
      "categories": [
        "NÁPOJE",
        "VODY A MINERÁLKY"
      ],
      "prices": [
        {
          "store_name": "Albert",
          "price": 17.9,
          "original_price": null,
          "unit_price": 23.87,
          "unit": "l",
          "package_size": "750 ml",
          "condition": null
        }
      ],
      "description": null
    },
    {
      "name": "Albert Instantní polévka francouzská",
      "brand": "Albert",
      "product_url": "https://wolt.com/cs/cze/prague/venue/albert-vinohradska/albert-instantni-polevka-francouzska-itemid-6601fde7f1df377369a830b1",
      "image_url": "https://imageproxy.wolt.com/menu/menu-images/6601c613e48d1c8d95333085/421b2f00-eae3-11ee-ae90-667d50b09927_26699097.jpg",
      "categories": [
        "TRVANLIVÉ",
        "INSTANTNÍ POKRMY"
      ],
      "prices": [
        {
          "store_name": "Albert",
          "price": 6.9,
          "original_price": null,
          "unit_price": 492.86,
          "unit": "Kg",
          "package_size": "14 g",
          "condition": null
        }
      ],
      "description": null
    },
    {
      "name": "Albert Řemeslná šunka",
      "brand": "Albert",
      "product_url": "https://wolt.com/cs/cze/prague/venue/albert-vinohradska/albert-remeslna-sunka-itemid-64ca0b7cba162577de4885a7",
      "image_url": "https://imageproxy.wolt.com/menu/menu-images/63ad795db242366d1f818f36/aa363608-5efa-11ef-af02-7aee4050df79_26453927.jpg",
      "categories": [
        "UZENINY A LAHŮDKY",
        "ŠUNKY A SLANINY"
      ],
      "prices": [
        {
          "store_name": "Albert",
          "price": 44.9,
          "original_price": null,
          "unit_price": 449.0,
          "unit": "Kg",
          "package_size": "100 g",
          "condition": null
        }
      ],
      "description": null
    },
    {
      "name": "Elmex Sensitive zubní pasta s fluoridem",
      "brand": "Elmex",
      "product_url": "https://wolt.com/cs/cze/prague/venue/albert-vinohradska/elmex-sensitive-zubni-pasta-s-fluoridem-itemid-657233256818b938df947f8b",
      "image_url": "https://imageproxy.wolt.com/menu/menu-images/64ffec4406cca0140dfab831/47b7ee2e-8eba-11ee-800e-1627932f216d_26600963.jpg",
      "categories": [
        "DROGERIE A KOSMETIKA",
        "ÚSTNÍ HYGIENA"
      ],
      "prices": [
        {
          "store_name": "Albert",
          "price": 219.0,
          "original_price": null,
          "unit_price": 1460.0,
          "unit": "l",
          "package_size": "150 ml",
          "condition": null
        }
      ],
      "description": null
    },
    {
      "name": "Naturella Ultra Normal hygienické vložky",
      "brand": "Naturella",
      "product_url": "https://wolt.com/cs/cze/prague/venue/albert-vinohradska/naturella-ultra-normal-hygienicke-vlozky-itemid-64ca0b7cba162577de489e1a",
      "image_url": "https://imageproxy.wolt.com/menu/menu-images/63ad795db242366d1f818f36/1b9d24ae-d671-11ee-9aea-d6432d72c02f_24242790.jpg",
      "categories": [
        "DROGERIE A KOSMETIKA",
        "DÁMSKÉ HYG. POTŘEBY"
      ],
      "prices": [
        {
          "store_name": "Albert",
          "price": 94.9,
          "original_price": null,
          "unit_price": 4.75,
          "unit": "ks",
          "package_size": "‪20‬ kusů",
          "condition": null
        }
      ],
      "description": null
    },
    {
      "name": "Albert Instantní polévka hrachová",
      "brand": "Albert",
      "product_url": "https://wolt.com/cs/cze/prague/venue/albert-vinohradska/albert-instantni-polevka-hrachova-itemid-6601e0a7a04ce0438b080c31",
      "image_url": "https://imageproxy.wolt.com/menu/menu-images/63ad795db242366d1f818f36/55541e24-bbe4-11ef-8da2-46cd2311e2a7_26699103.jpg",
      "categories": [
        "TRVANLIVÉ",
        "INSTANTNÍ POKRMY"
      ],
      "prices": [
        {
          "store_name": "Albert",
          "price": 6.9,
          "original_price": null,
          "unit_price": 383.33,
          "unit": "Kg",
          "package_size": "18 g",
          "condition": null
        }
      ],
      "description": null
    },
    {
      "name": "Hamé Špagetka",
      "brand": "Hamé",
      "product_url": "https://wolt.com/cs/cze/prague/venue/albert-vinohradska/hame-spagetka-itemid-64ca0b7cba162577de489c77",
      "image_url": "https://imageproxy.wolt.com/menu/menu-images/64ffec4406cca0140dfab831/769e1900-8ead-11ee-a476-fe16b6783abc_20786687.jpg",
      "categories": [
        "TRVANLIVÉ",
        "INSTANTNÍ POKRMY"
      ],
      "prices": [
        {
          "store_name": "Albert",
          "price": 64.9,
          "original_price": null,
          "unit_price": 216.33,
          "unit": "Kg",
          "package_size": "300 g",
          "condition": null
        }
      ],
      "description": null
    },
    {
      "name": "Nivea Men Cool Kick Antiperspirant sprej",
      "brand": "Nivea",
      "product_url": "https://wolt.com/cs/cze/prague/venue/albert-vinohradska/nivea-men-cool-kick-antiperspirant-sprej-itemid-6601fe279d152df703bfef7d",
      "image_url": "https://imageproxy.wolt.com/menu/menu-images/6601c613e48d1c8d95333085/5e20df98-eae2-11ee-9d70-0af811d5ce2c_23606630.jpg",
      "categories": [
        "DROGERIE A KOSMETIKA",
        "DEODORANTY"
      ],
      "prices": [
        {
          "store_name": "Albert",
          "price": 89.9,
          "original_price": null,
          "unit_price": 599.33,
          "unit": "l",
          "package_size": "150 ml",
          "condition": null
        }
      ],
      "description": null
    },
    {
      "name": "Alibona Deko",
      "brand": "Alibona",
      "product_url": "https://wolt.com/cs/cze/prague/venue/albert-vinohradska/alibona-deko-itemid-64ca0b7cba162577de489cdb",
      "image_url": "https://imageproxy.wolt.com/menu/menu-images/64ffec4406cca0140dfab831/21bc4092-8eb2-11ee-aa79-e2efa80c37b6_24667951.jpg",
      "categories": [
        "TRVANLIVÉ",
        "PEČENÍ A VAŘENÍ"
      ],
      "prices": [
        {
          "store_name": "Albert",
          "price": 10.9,
          "original_price": null,
          "unit_price": 109.0,
          "unit": "Kg",
          "package_size": "100 g",
          "condition": null
        }
      ],
      "description": null
    },
    {
      "name": "Ben & Jerry's Netflix and Chill'd",
      "brand": "Ben & Jerry's",
      "product_url": "https://wolt.com/cs/cze/prague/venue/albert-vinohradska/ben-jerry-s-netflix-and-chill-d-itemid-6876153a0c6218e9f3e5f452",
      "image_url": "https://imageproxy.wolt.com/menu/menu-images/64b62ec5e5ab70cdc92e30f0/131fec82-616f-11f0-98f2-626ebdcdde98_27249895.jpg",
      "categories": [
        "MRAŽENÉ POTRAVINY",
        "ZMRZLINA A NANUKY"
      ],
      "prices": [
        {
          "store_name": "Albert",
          "price": 243.0,
          "original_price": null,
          "unit_price": 522.58,
          "unit": "l",
          "package_size": "465 ml",
          "condition": null
        }
      ],
      "description": null
    },
    {
      "name": "Albert Pizza těsto kynuté",
      "brand": "Albert",
      "product_url": "https://wolt.com/cs/cze/prague/venue/albert-vinohradska/albert-pizza-testo-kynute-itemid-64ca0b7cba162577de4882b3",
      "image_url": "https://imageproxy.wolt.com/menu/menu-images/64ffec4406cca0140dfab831/bce87680-8ec6-11ee-aac3-6aec994b6205_27621516.jpg",
      "categories": [
        "UZENINY A LAHŮDKY",
        "HOTOVKY A PŘÍLOHY"
      ],
      "prices": [
        {
          "store_name": "Albert",
          "price": 39.9,
          "original_price": null,
          "unit_price": 99.75,
          "unit": "Kg",
          "package_size": "400 g",
          "condition": null
        }
      ],
      "description": null
    },
    {
      "name": "Milka Mmmax čokoláda oříšky s karamelem",
      "brand": "Milka",
      "product_url": "https://wolt.com/cs/cze/prague/venue/albert-vinohradska/milka-mmmax-cokolada-orisky-s-karamelem-itemid-64ca0b7cba162577de488105",
      "image_url": "https://imageproxy.wolt.com/menu/menu-images/63ad795db242366d1f818f36/834f63b0-bbe4-11ef-91a9-1e0bf7c32c80_24838047.jpg",
      "categories": [
        "TRVANLIVÉ",
        "SLADKOSTI"
      ],
      "prices": [
        {
          "store_name": "Albert",
          "price": 109.9,
          "original_price": null,
          "unit_price": 366.33,
          "unit": "Kg",
          "package_size": "300 g",
          "condition": null
        }
      ],
      "description": null
    },
    {
      "name": "Nestlé Máslové sušenky Gerber",
      "brand": "Nestlé",
      "product_url": "https://wolt.com/cs/cze/prague/venue/albert-vinohradska/nestle-maslove-susenky-gerber-itemid-64ca0b7cba162577de489c62",
      "image_url": "https://imageproxy.wolt.com/menu/menu-images/64ffec4406cca0140dfab831/9ad5a268-8eb5-11ee-8551-7a99d2fb2f9f_25587937.jpg",
      "categories": [
        "DÍTĚ",
        "VÝŽIVA"
      ],
      "prices": [
        {
          "store_name": "Albert",
          "price": 53.9,
          "original_price": null,
          "unit_price": 299.44,
          "unit": "Kg",
          "package_size": "180 g",
          "condition": null
        }
      ],
      "description": null
    },
    {
      "name": "Milka Mmmax Čokoláda s lískovými ořechy",
      "brand": "Milka",
      "product_url": "https://wolt.com/cs/cze/prague/venue/albert-vinohradska/milka-mmmax-cokolada-s-liskovymi-orechy-itemid-657233256818b938df9478d1",
      "image_url": "https://imageproxy.wolt.com/menu/menu-images/64ffec4406cca0140dfab831/5e11e086-8ec8-11ee-8763-2e546726778e_27717080.jpg",
      "categories": [
        "TRVANLIVÉ",
        "SLADKOSTI"
      ],
      "prices": [
        {
          "store_name": "Albert",
          "price": 109.9,
          "original_price": null,
          "unit_price": 439.6,
          "unit": "Kg",
          "package_size": "250 g",
          "condition": null
        }
      ],
      "description": null
    },
    {
      "name": "Nashi",
      "brand": "Nashi",
      "product_url": "https://wolt.com/cs/cze/prague/venue/albert-vinohradska/nashi-itemid-6601ea85a51e7fff8ad85521",
      "image_url": "https://imageproxy.wolt.com/menu/menu-images/6601c613e48d1c8d95333085/0bfdf49e-eae2-11ee-ac1b-767946bf8e19_20443580.jpg",
      "categories": [
        "OVOCE A ZELENINA",
        "OVOCE"
      ],
      "prices": [
        {
          "store_name": "Albert",
          "price": 24.9,
          "original_price": null,
          "unit_price": 24.9,
          "unit": "ks",
          "package_size": "‪1‬ kus",
          "condition": "Vyprodáno"
        }
      ],
      "description": null
    },
    {
      "name": "Albert Excellent Salámek se sýrem",
      "brand": "Albert Excellent",
      "product_url": "https://wolt.com/cs/cze/prague/venue/albert-vinohradska/albert-excellent-salamek-se-syrem-itemid-657233256818b938df948c23",
      "image_url": "https://imageproxy.wolt.com/menu/menu-images/64ffec4406cca0140dfab831/4cc44d60-8ec7-11ee-85c3-6e0f65c8f049_27651322.jpg",
      "categories": [
        "UZENINY A LAHŮDKY",
        "SALÁMY"
      ],
      "prices": [
        {
          "store_name": "Albert",
          "price": 59.9,
          "original_price": null,
          "unit_price": 570.48,
          "unit": "Kg",
          "package_size": "105 g",
          "condition": null
        }
      ],
      "description": null
    },
    {
      "name": "Head & Shoulders Šampon hydratační proti lupům",
      "brand": "Head",
      "product_url": "https://wolt.com/cs/cze/prague/venue/albert-vinohradska/head-shoulders-sampon-hydratacni-proti-lupum-itemid-6601e108fbf277544faa85ad",
      "image_url": "https://imageproxy.wolt.com/menu/menu-images/6601c613e48d1c8d95333085/6780498c-eae4-11ee-9dc5-121690ac152c_27573358.jpg",
      "categories": [
        "DROGERIE A KOSMETIKA",
        "PÉČE O VLASY"
      ],
      "prices": [
        {
          "store_name": "Albert",
          "price": 159.0,
          "original_price": null,
          "unit_price": 318.0,
          "unit": "l",
          "package_size": "500 ml",
          "condition": null
        }
      ],
      "description": null
    },
    {
      "name": "Head & Shoulders Apple Fresh šampon proti lupům",
      "brand": "Head",
      "product_url": "https://wolt.com/cs/cze/prague/venue/albert-vinohradska/head-shoulders-apple-fresh-sampon-proti-lupum-itemid-64ca0b7cba162577de489dd0",
      "image_url": "https://imageproxy.wolt.com/menu/menu-images/63ad795db242366d1f818f36/27b11070-d671-11ee-9b87-4a8b50b9e4f9_25653557.jpg",
      "categories": [
        "DROGERIE A KOSMETIKA",
        "PÉČE O VLASY"
      ],
      "prices": [
        {
          "store_name": "Albert",
          "price": 159.0,
          "original_price": null,
          "unit_price": 318.0,
          "unit": "l",
          "package_size": "500 ml",
          "condition": null
        }
      ],
      "description": null
    },
    {
      "name": "Herbarium Moravicum Chardonnay",
      "brand": "Herbarium",
      "product_url": "https://wolt.com/cs/cze/prague/venue/albert-vinohradska/herbarium-moravicum-chardonnay-itemid-64ca0b7cba162577de489e29",
      "image_url": "https://imageproxy.wolt.com/menu/menu-images/64ffec4406cca0140dfab831/282c16a6-8eb1-11ee-8a0e-2a867062f6f7_24223379.jpg",
      "categories": [
        "NÁPOJE",
        "VÍNA"
      ],
      "prices": [
        {
          "store_name": "Albert",
          "price": 179.0,
          "original_price": null,
          "unit_price": 238.67,
          "unit": "l",
          "package_size": "750 ml, 12,4% alc",
          "condition": "18+"
        }
      ],
      "description": null
    },
    {
      "name": "Lay's BBQ žebírka",
      "brand": "Lay's",
      "product_url": "https://wolt.com/cs/cze/prague/venue/albert-vinohradska/lay-s-bbq-zebirka-itemid-657233256818b938df9483f2",
      "image_url": "https://imageproxy.wolt.com/menu/menu-images/64ffec4406cca0140dfab831/5447b1d2-8eca-11ee-aada-768b824ebd6b_27775097.jpg",
      "categories": [
        "TRVANLIVÉ",
        "SLANÉ"
      ],
      "prices": [
        {
          "store_name": "Albert",
          "price": 57.9,
          "original_price": null,
          "unit_price": 445.38,
          "unit": "Kg",
          "package_size": "130 g",
          "condition": null
        }
      ],
      "description": null
    },
    {
      "name": "Kostelecké uzeniny Šunka nejvyšší jakosti",
      "brand": "Kostelecké",
      "product_url": "https://wolt.com/cs/cze/prague/venue/albert-vinohradska/kostelecke-uzeniny-sunka-nejvyssi-jakosti-itemid-64ca0b7cba162577de4893e8",
      "image_url": "https://imageproxy.wolt.com/menu/menu-images/63ad795db242366d1f818f36/d7c97fac-0609-11ef-98d9-c21c7f4331dd_27740057.jpg",
      "categories": [
        "UZENINY A LAHŮDKY",
        "ŠUNKY A SLANINY"
      ],
      "prices": [
        {
          "store_name": "Albert",
          "price": 31.9,
          "original_price": null,
          "unit_price": 319.0,
          "unit": "Kg",
          "package_size": "100 g",
          "condition": null
        }
      ],
      "description": null
    },
    {
      "name": "Vitana Parboiled rýže ve varných sáčcích",
      "brand": "Vitana",
      "product_url": "https://wolt.com/cs/cze/prague/venue/albert-vinohradska/vitana-parboiled-ryze-ve-varnych-saccich-itemid-64ca0b7cba162577de48984c",
      "image_url": "https://imageproxy.wolt.com/menu/menu-images/64ffec4406cca0140dfab831/c2891cf6-8eae-11ee-b453-f2a93e51b7a9_22823755.jpg",
      "categories": [
        "TRVANLIVÉ",
        "RÝŽE A VAŘENÍ"
      ],
      "prices": [
        {
          "store_name": "Albert",
          "price": 64.9,
          "original_price": null,
          "unit_price": 81.13,
          "unit": "Kg",
          "package_size": "800 g",
          "condition": null
        }
      ],
      "description": null
    },
    {
      "name": "Avokádo Salátová zálivka šopská s česnekem",
      "brand": "Avokádo",
      "product_url": "https://wolt.com/cs/cze/prague/venue/albert-vinohradska/avokado-salatova-zalivka-sopska-s-cesnekem-itemid-64ca0b7cba162577de489c87",
      "image_url": "https://imageproxy.wolt.com/menu/menu-images/64ffec4406cca0140dfab831/d074a14c-8eb2-11ee-adda-7a4dcb26504b_24888905.jpg",
      "categories": [
        "TRVANLIVÉ",
        "KOŘENÍ A OCHUCOVADLA"
      ],
      "prices": [
        {
          "store_name": "Albert",
          "price": 6.9,
          "original_price": null,
          "unit_price": 862.5,
          "unit": "Kg",
          "package_size": "8 g",
          "condition": null
        }
      ],
      "description": null
    },
    {
      "name": "A.T. International Thajská jasmínová rýže",
      "brand": "A.T. International",
      "product_url": "https://wolt.com/cs/cze/prague/venue/albert-vinohradska/a-t-international-thajska-jasminova-ryze-itemid-64ca0b7cba162577de489f4f",
      "image_url": "https://imageproxy.wolt.com/menu/menu-images/64ffec4406cca0140dfab831/0e84817a-8eb1-11ee-9561-166df9adf1b7_24188364.jpg",
      "categories": [
        "TRVANLIVÉ",
        "MEZINÁRODNÍ KUCHYNĚ"
      ],
      "prices": [
        {
          "store_name": "Albert",
          "price": 99.9,
          "original_price": null,
          "unit_price": 99.9,
          "unit": "Kg",
          "package_size": "1 kg",
          "condition": null
        }
      ],
      "description": null
    },
    {
      "name": "Always Ultra Super vložky s křidélky",
      "brand": "Always",
      "product_url": "https://wolt.com/cs/cze/prague/venue/albert-vinohradska/always-ultra-super-vlozky-s-kridelky-itemid-64ca0b7cba162577de489e8b",
      "image_url": "https://imageproxy.wolt.com/menu/menu-images/64ffec4406cca0140dfab831/db2deea4-8ead-11ee-a8bd-f6745e48ee46_21369841.jpg",
      "categories": [
        "DROGERIE A KOSMETIKA",
        "DÁMSKÉ HYG. POTŘEBY"
      ],
      "prices": [
        {
          "store_name": "Albert",
          "price": 119.9,
          "original_price": null,
          "unit_price": 7.49,
          "unit": "ks",
          "package_size": "‪16‬ kusů",
          "condition": null
        }
      ],
      "description": null
    },
    {
      "name": "Care vlhčený toaletní papír",
      "brand": "Care",
      "product_url": "https://wolt.com/cs/cze/prague/venue/albert-vinohradska/care-vlhceny-toaletni-papir-itemid-681b5abffcbd67bf7a8f4b15",
      "image_url": "https://imageproxy.wolt.com/menu/menu-images/63ad795db242366d1f818f36/ba655918-2b47-11f0-bfa4-ee60b9491742_27966495.jpg",
      "categories": [
        "DROGERIE A KOSMETIKA",
        "PAPÍROVÁ HYGIENA"
      ],
      "prices": [
        {
          "store_name": "Albert",
          "price": 29.9,
          "original_price": null,
          "unit_price": 0.37,
          "unit": "ks",
          "package_size": "‪80‬ kusů",
          "condition": null
        }
      ],
      "description": null
    },
    {
      "name": "Cavit Prosecco DOC",
      "brand": "Cavit Prosecco",
      "product_url": "https://wolt.com/cs/cze/prague/venue/albert-vinohradska/cavit-prosecco-doc-itemid-64ca0b7cba162577de48a049",
      "image_url": "https://imageproxy.wolt.com/menu/menu-images/64ffec4406cca0140dfab831/cac94b22-8ebb-11ee-95d1-024004d5d6b2_26804156.jpg",
      "categories": [
        "NÁPOJE",
        "VÍNA"
      ],
      "prices": [
        {
          "store_name": "Albert",
          "price": 259.0,
          "original_price": null,
          "unit_price": 345.33,
          "unit": "l",
          "package_size": "750 ml, 11,5% alc",
          "condition": "18+"
        }
      ],
      "description": null
    },
    {
      "name": "Olma Florian jogurtový nápoj jahoda",
      "brand": "Olma",
      "product_url": "https://wolt.com/cs/cze/prague/venue/albert-vinohradska/olma-florian-jogurtovy-napoj-jahoda-itemid-64ca0b7cba162577de489883",
      "image_url": "https://imageproxy.wolt.com/menu/menu-images/64ffec4406cca0140dfab831/6fb5ef22-8eb3-11ee-a77c-0208801a60c2_25036718.jpg",
      "categories": [
        "MLÉČNÉ A CHLAZENÉ",
        "MLÉČNÉ NÁPOJE"
      ],
      "prices": [
        {
          "store_name": "Albert",
          "price": null,
          "original_price": null,
          "unit_price": 62.25,
          "unit": "Kg",
          "package_size": "400 g",
          "condition": "Sleva"
        }
      ],
      "description": null
    },
    {
      "name": "Orion Ledové kaštany v hořké čokoládě",
      "brand": "Orion",
      "product_url": "https://wolt.com/cs/cze/prague/venue/albert-vinohradska/orion-ledove-kastany-v-horke-cokolade-itemid-64ca0b7cba162577de489709",
      "image_url": "https://imageproxy.wolt.com/menu/menu-images/64ffec4406cca0140dfab831/71056e06-8eb4-11ee-88e8-c64f1deb8de2_25331431.jpg",
      "categories": [
        "TRVANLIVÉ",
        "SLADKOSTI"
      ],
      "prices": [
        {
          "store_name": "Albert",
          "price": 26.9,
          "original_price": null,
          "unit_price": 597.78,
          "unit": "Kg",
          "package_size": "45 g",
          "condition": null
        }
      ],
      "description": null
    },
    {
      "name": "Panzani Kolínka",
      "brand": "Panzani",
      "product_url": "https://wolt.com/cs/cze/prague/venue/albert-vinohradska/panzani-kolinka-itemid-64ca0b7cba162577de489455",
      "image_url": "https://imageproxy.wolt.com/menu/menu-images/64ffec4406cca0140dfab831/99a46aa0-8eb0-11ee-a6c7-3ed0b25e551d_23890886.jpg",
      "categories": [
        "TRVANLIVÉ",
        "TĚSTOVINY A KUSKUS"
      ],
      "prices": [
        {
          "store_name": "Albert",
          "price": null,
          "original_price": null,
          "unit_price": 59.8,
          "unit": "Kg",
          "package_size": "500 g",
          "condition": "Sleva"
        }
      ],
      "description": null
    },
    {
      "name": "Albert Jogurtový nápoj borůvka",
      "brand": "Albert",
      "product_url": "https://wolt.com/cs/cze/prague/venue/albert-vinohradska/albert-jogurtovy-napoj-boruvka-itemid-64ca0b7cba162577de4884f9",
      "image_url": "https://imageproxy.wolt.com/menu/menu-images/64ffec4406cca0140dfab831/7a109b50-8eba-11ee-a708-f676b94e1855_26632148.jpg",
      "categories": [
        "MLÉČNÉ A CHLAZENÉ",
        "MLÉČNÉ NÁPOJE"
      ],
      "prices": [
        {
          "store_name": "Albert",
          "price": 19.9,
          "original_price": null,
          "unit_price": 49.75,
          "unit": "Kg",
          "package_size": "400 g",
          "condition": null
        }
      ],
      "description": null
    },
    {
      "name": "Love Pet Granule pro psy hovězí, drůbež a hrášek",
      "brand": "Love",
      "product_url": "https://wolt.com/cs/cze/prague/venue/albert-vinohradska/love-pet-granule-pro-psy-hovezi-drubez-a-hrasek-itemid-64ca0b7cba162577de488c93",
      "image_url": "https://imageproxy.wolt.com/menu/menu-images/63ad795db242366d1f818f36/867cc1c6-8e26-11f0-a8b0-a2db9da344ef_27423387.jpg",
      "categories": [
        "ZVÍŘATA",
        "PSI"
      ],
      "prices": [
        {
          "store_name": "Albert",
          "price": 114.9,
          "original_price": null,
          "unit_price": 38.3,
          "unit": "Kg",
          "package_size": "3 kg",
          "condition": null
        }
      ],
      "description": null
    },
    {
      "name": "Olma Florian Mléko jogurtové (mix příchutí)",
      "brand": "Olma",
      "product_url": "https://wolt.com/cs/cze/prague/venue/albert-vinohradska/olma-florian-mleko-jogurtove-mix-prichuti-itemid-657233256818b938df948b21",
      "image_url": "https://imageproxy.wolt.com/menu/menu-images/64ffec4406cca0140dfab831/1f6b833c-8ec3-11ee-ba16-ce752cd7e428_27353271.jpg",
      "categories": [
        "MLÉČNÉ A CHLAZENÉ",
        "MLÉČNÉ NÁPOJE"
      ],
      "prices": [
        {
          "store_name": "Albert",
          "price": null,
          "original_price": null,
          "unit_price": 62.25,
          "unit": "Kg",
          "package_size": "400 g",
          "condition": "Sleva"
        }
      ],
      "description": null
    },
    {
      "name": "Olma Florian jogurt s kousky jahod",
      "brand": "Olma",
      "product_url": "https://wolt.com/cs/cze/prague/venue/albert-vinohradska/olma-florian-jogurt-s-kousky-jahod-itemid-64ca0b7cba162577de489235",
      "image_url": "https://imageproxy.wolt.com/menu/menu-images/64ffec4406cca0140dfab831/83379780-8eb3-11ee-a2b5-224a9e8cb6c6_25057218.jpg",
      "categories": [
        "MLÉČNÉ A CHLAZENÉ",
        "JOGURTY A DEZERTY"
      ],
      "prices": [
        {
          "store_name": "Albert",
          "price": 15.9,
          "original_price": null,
          "unit_price": 106.0,
          "unit": "Kg",
          "package_size": "150 g",
          "condition": null
        }
      ],
      "description": null
    },
    {
      "name": "Albert Kurkuma Shot",
      "brand": "Albert",
      "product_url": "https://wolt.com/cs/cze/prague/venue/albert-vinohradska/albert-kurkuma-shot-itemid-6601e9f3a800569032b445b0",
      "image_url": "https://imageproxy.wolt.com/menu/menu-images/6601c613e48d1c8d95333085/69c62b70-eae5-11ee-936f-0279839fcf9e_27839331.jpg",
      "categories": [
        "NÁPOJE",
        "ENERGY NÁPOJE"
      ],
      "prices": [
        {
          "store_name": "Albert",
          "price": 42.9,
          "original_price": null,
          "unit_price": 238.33,
          "unit": "l",
          "package_size": "180 ml",
          "condition": null
        }
      ],
      "description": null
    },
    {
      "name": "Nature's Promise Hummus červená paprika",
      "brand": "Nature's Promise",
      "product_url": "https://wolt.com/cs/cze/prague/venue/albert-vinohradska/nature-s-promise-hummus-cervena-paprika-itemid-64ca0b7cba162577de488d37",
      "image_url": "https://imageproxy.wolt.com/menu/menu-images/63ad795db242366d1f818f36/49c1dfec-0609-11ef-9412-2aabf4f10751_27160299.jpg",
      "categories": [
        "UZENINY A LAHŮDKY",
        "SALÁTY A POMAZÁNKY"
      ],
      "prices": [
        {
          "store_name": "Albert",
          "price": null,
          "original_price": null,
          "unit_price": 218.13,
          "unit": "Kg",
          "package_size": "160 g",
          "condition": "Sleva"
        }
      ],
      "description": null
    },
    {
      "name": "Cassonade Dark Demerara Cukr třtinový",
      "brand": "Cassonade",
      "product_url": "https://wolt.com/cs/cze/prague/venue/albert-vinohradska/cassonade-dark-demerara-cukr-trtinovy-itemid-64ca0b7cba162577de48a5b8",
      "image_url": "https://imageproxy.wolt.com/menu/menu-images/64ffec4406cca0140dfab831/723063e6-8ec1-11ee-bb0c-eeaf6a6837cc_27248850.jpg",
      "categories": [
        "TRVANLIVÉ",
        "PEČENÍ A VAŘENÍ"
      ],
      "prices": [
        {
          "store_name": "Albert",
          "price": 48.9,
          "original_price": null,
          "unit_price": 122.25,
          "unit": "Kg",
          "package_size": "400 g",
          "condition": null
        }
      ],
      "description": null
    },
    {
      "name": "Albert Bazalka drcená",
      "brand": "Albert",
      "product_url": "https://wolt.com/cs/cze/prague/venue/albert-vinohradska/albert-bazalka-drcena-itemid-6601efd2f1df377369a7bd63",
      "image_url": "https://imageproxy.wolt.com/menu/menu-images/6601c613e48d1c8d95333085/e46edac2-eae3-11ee-99da-d6ce440b79c5_27275337.jpg",
      "categories": [
        "TRVANLIVÉ",
        "KOŘENÍ A OCHUCOVADLA"
      ],
      "prices": [
        {
          "store_name": "Albert",
          "price": 6.9,
          "original_price": null,
          "unit_price": 690.0,
          "unit": "Kg",
          "package_size": "10 g",
          "condition": null
        }
      ],
      "description": null
    },
    {
      "name": "Palette Color Creme středně hnědá",
      "brand": "Palette",
      "product_url": "https://wolt.com/cs/cze/prague/venue/albert-vinohradska/palette-color-creme-stredne-hneda-itemid-64ca0b7cba162577de489ed8",
      "image_url": "https://imageproxy.wolt.com/menu/menu-images/64ffec4406cca0140dfab831/c0222aa4-8eb1-11ee-891f-be8c16d2d45a_24511391.jpg",
      "categories": [
        "DROGERIE A KOSMETIKA",
        "PÉČE O VLASY"
      ],
      "prices": [
        {
          "store_name": "Albert",
          "price": 119.9,
          "original_price": null,
          "unit_price": 119.9,
          "unit": "ks",
          "package_size": "‪1‬ kus",
          "condition": null
        }
      ],
      "description": null
    },
    {
      "name": "Loyd Ovocný čaj Osvěžující pomeranč",
      "brand": "Loyd",
      "product_url": "https://wolt.com/cs/cze/prague/venue/albert-vinohradska/loyd-ovocny-caj-osvezujici-pomeranc-itemid-64ca0b7cba162577de488811",
      "image_url": "https://imageproxy.wolt.com/menu/menu-images/64ffec4406cca0140dfab831/9b60815a-8ec2-11ee-b6cc-0aca939bb6cd_27313404.jpg",
      "categories": [
        "NÁPOJE",
        "KÁVA A ČAJ"
      ],
      "prices": [
        {
          "store_name": "Albert",
          "price": 44.9,
          "original_price": null,
          "unit_price": 1020.45,
          "unit": "Kg",
          "package_size": "44 g",
          "condition": null
        }
      ],
      "description": null
    },
    {
      "name": "Albert Excellent Mix bobulovin",
      "brand": "Albert Excellent",
      "product_url": "https://wolt.com/cs/cze/prague/venue/albert-vinohradska/albert-excellent-mix-bobulovin-itemid-64ca0b7cba162577de489269",
      "image_url": "https://imageproxy.wolt.com/menu/menu-images/63ad795db242366d1f818f36/2723a684-a8ea-11f0-ada1-e20c8df7e6f2_27217764.jpg",
      "categories": [
        "OVOCE A ZELENINA",
        "OVOCE"
      ],
      "prices": [
        {
          "store_name": "Albert",
          "price": 129.9,
          "original_price": null,
          "unit_price": 519.6,
          "unit": "Kg",
          "package_size": "250 g",
          "condition": null
        }
      ],
      "description": null
    },
    {
      "name": "Bear Beer Extra Strong",
      "brand": "Bear Beer",
      "product_url": "https://wolt.com/cs/cze/prague/venue/albert-vinohradska/bear-beer-extra-strong-itemid-64ca0b7cba162577de48a19b",
      "image_url": "https://imageproxy.wolt.com/menu/menu-images/64ffec4406cca0140dfab831/0233568e-8ebc-11ee-b10a-ea9b0480a229_26816067.jpg",
      "categories": [
        "NÁPOJE",
        "PIVA"
      ],
      "prices": [
        {
          "store_name": "Albert",
          "price": 44.9,
          "original_price": null,
          "unit_price": 89.8,
          "unit": "l",
          "package_size": "500 ml, 12% alc",
          "condition": "18+"
        }
      ],
      "description": null
    },
    {
      "name": "Purina One Senior Krmivo pro kočky s kuřecím",
      "brand": "Purina",
      "product_url": "https://wolt.com/cs/cze/prague/venue/albert-vinohradska/purina-one-senior-krmivo-pro-kocky-s-kurecim-itemid-660219cdcd28f08484a24b9e",
      "image_url": "https://imageproxy.wolt.com/menu/menu-images/6601c613e48d1c8d95333085/29ef6d50-eae4-11ee-a62b-c6ec51218b94_27435151.jpg",
      "categories": [
        "ZVÍŘATA",
        "KOČKY"
      ],
      "prices": [
        {
          "store_name": "Albert",
          "price": 159.0,
          "original_price": null,
          "unit_price": 198.75,
          "unit": "Kg",
          "package_size": "800 g",
          "condition": null
        }
      ],
      "description": null
    },
    {
      "name": "Madeta MAXI Lipánek tradiční smetanový",
      "brand": "Madeta",
      "product_url": "https://wolt.com/cs/cze/prague/venue/albert-vinohradska/madeta-maxi-lipanek-tradicni-smetanovy-itemid-64ca0b7cba162577de4880a7",
      "image_url": "https://imageproxy.wolt.com/menu/menu-images/64ffec4406cca0140dfab831/3d152f86-8eba-11ee-b775-36180384687e_26589091.jpg",
      "categories": [
        "MLÉČNÉ A CHLAZENÉ",
        "JOGURTY A DEZERTY"
      ],
      "prices": [
        {
          "store_name": "Albert",
          "price": 23.9,
          "original_price": null,
          "unit_price": 183.85,
          "unit": "Kg",
          "package_size": "130 g",
          "condition": null
        }
      ],
      "description": null
    },
    {
      "name": "Hami Těstoviny s kýtou",
      "brand": "Hami",
      "product_url": "https://wolt.com/cs/cze/prague/venue/albert-vinohradska/hami-testoviny-s-kytou-itemid-64ca0b7cba162577de489e79",
      "image_url": "https://imageproxy.wolt.com/menu/menu-images/63ad795db242366d1f818f36/69e59a2e-9796-11ef-a41a-fab9f58800a2_25126907.jpg",
      "categories": [
        "DÍTĚ",
        "VÝŽIVA"
      ],
      "prices": [
        {
          "store_name": "Albert",
          "price": 59.9,
          "original_price": null,
          "unit_price": 260.43,
          "unit": "Kg",
          "package_size": "230 g",
          "condition": null
        }
      ],
      "description": null
    },
    {
      "name": "Schwarzkopf Taft Power lak na vlasy",
      "brand": "Schwarzkopf",
      "product_url": "https://wolt.com/cs/cze/prague/venue/albert-vinohradska/schwarzkopf-taft-power-lak-na-vlasy-itemid-6601e0c4b451086106237a8f",
      "image_url": "https://imageproxy.wolt.com/menu/menu-images/6601c613e48d1c8d95333085/56c29980-eae2-11ee-ac73-f2c1f47dde5c_23331648.jpg",
      "categories": [
        "DROGERIE A KOSMETIKA",
        "PÉČE O VLASY"
      ],
      "prices": [
        {
          "store_name": "Albert",
          "price": 119.9,
          "original_price": null,
          "unit_price": 479.6,
          "unit": "l",
          "package_size": "250 ml",
          "condition": null
        }
      ],
      "description": null
    },
    {
      "name": "Albert Kladenská pečeně",
      "brand": "Albert",
      "product_url": "https://wolt.com/cs/cze/prague/venue/albert-vinohradska/albert-kladenska-pecene-itemid-64ca0b7cba162577de489924",
      "image_url": "https://imageproxy.wolt.com/menu/menu-images/64ffec4406cca0140dfab831/f176d6d2-8eba-11ee-92a3-36180384687e_26700984.jpg",
      "categories": [
        "MASO A RYBY",
        "VEPŘOVÉ"
      ],
      "prices": [
        {
          "store_name": "Albert",
          "price": 161.82,
          "original_price": null,
          "unit_price": null,
          "unit": null,
          "package_size": null,
          "condition": "Vyprodáno"
        }
      ],
      "description": null
    },
    {
      "name": "Nature’s Promise Healthy Life Kozí mléko",
      "brand": "Nature’s",
      "product_url": "https://wolt.com/cs/cze/prague/venue/albert-vinohradska/nature-s-promise-healthy-life-kozi-mleko-itemid-657233256818b938df948582",
      "image_url": "https://imageproxy.wolt.com/menu/menu-images/64ffec4406cca0140dfab831/127929ce-8ecb-11ee-90d1-4a4c48cd47e0_27794760.jpg",
      "categories": [
        "MLÉČNÉ A CHLAZENÉ",
        "MLÉČNÉ NÁPOJE"
      ],
      "prices": [
        {
          "store_name": "Albert",
          "price": 31.9,
          "original_price": null,
          "unit_price": 63.8,
          "unit": "l",
          "package_size": "500 ml",
          "condition": null
        }
      ],
      "description": null
    },
    {
      "name": "Gouda mladá 48% strouhaná",
      "brand": "Gouda",
      "product_url": "https://wolt.com/cs/cze/prague/venue/albert-vinohradska/gouda-mlada-48-strouhana-itemid-657233256818b938df94788b",
      "image_url": "https://imageproxy.wolt.com/menu/menu-images/64ffec4406cca0140dfab831/cb721918-8eb7-11ee-bf1b-3ed0b25e551d_26058597.jpg",
      "categories": [
        "MLÉČNÉ A CHLAZENÉ",
        "SÝRY"
      ],
      "prices": [
        {
          "store_name": "Albert",
          "price": 74.9,
          "original_price": null,
          "unit_price": 428.0,
          "unit": "Kg",
          "package_size": "175 g",
          "condition": null
        }
      ],
      "description": null
    },
    {
      "name": "Česká chuť Párky řeznické",
      "brand": "Česká chuť",
      "product_url": "https://wolt.com/cs/cze/prague/venue/albert-vinohradska/ceska-chut-parky-reznicke-itemid-66021a28e5683726638274c6",
      "image_url": "https://imageproxy.wolt.com/menu/menu-images/6745ec28c3b7723db3588430/1244060e-d4fb-11f0-8f87-f2dc5c1e8806_27811511.jpg",
      "categories": [
        "UZENINY A LAHŮDKY",
        "PÁRKY A KLOBÁSY"
      ],
      "prices": [
        {
          "store_name": "Albert",
          "price": 72.9,
          "original_price": null,
          "unit_price": 182.25,
          "unit": "Kg",
          "package_size": "400 g",
          "condition": null
        }
      ],
      "description": null
    },
    {
      "name": "Isabel Tuňák v rajčatové omáčce",
      "brand": "Isabel",
      "product_url": "https://wolt.com/cs/cze/prague/venue/albert-vinohradska/isabel-tunak-v-rajcatove-omacce-itemid-657233256818b938df94856b",
      "image_url": "https://imageproxy.wolt.com/menu/menu-images/63ad795db242366d1f818f36/11c5cd98-168e-11ef-8dc8-72e4f626e1cf_25929287.jpg",
      "categories": [
        "TRVANLIVÉ",
        "KONZERVOVANÉ POTR."
      ],
      "prices": [
        {
          "store_name": "Albert",
          "price": 135.9,
          "original_price": null,
          "unit_price": 871.15,
          "unit": "Kg",
          "package_size": "156 g",
          "condition": null
        }
      ],
      "description": null
    },
    {
      "name": "Viva Krůtí ve vlastní šťávě",
      "brand": "Viva",
      "product_url": "https://wolt.com/cs/cze/prague/venue/albert-vinohradska/viva-kruti-ve-vlastni-stave-itemid-657233256818b938df948459",
      "image_url": "https://imageproxy.wolt.com/menu/menu-images/64ffec4406cca0140dfab831/204e4cc0-8ec4-11ee-bd2a-1601976705be_27448649.jpg",
      "categories": [
        "UZENINY A LAHŮDKY",
        "PAŠTIKY"
      ],
      "prices": [
        {
          "store_name": "Albert",
          "price": 38.9,
          "original_price": null,
          "unit_price": 324.17,
          "unit": "Kg",
          "package_size": "120 g",
          "condition": null
        }
      ],
      "description": null
    },
    {
      "name": "Gerber Cereal Mléčná kaše banánová na dobrou noc",
      "brand": "Gerber",
      "product_url": "https://wolt.com/cs/cze/prague/venue/albert-vinohradska/gerber-cereal-mlecna-kase-bananova-na-dobrou-noc-itemid-64ca0b7cba162577de48a428",
      "image_url": "https://imageproxy.wolt.com/menu/menu-images/63ad795db242366d1f818f36/7df600ae-e818-11ee-a6aa-667dc6126f46_27754504.jpg",
      "categories": [
        "DÍTĚ",
        "VÝŽIVA"
      ],
      "prices": [
        {
          "store_name": "Albert",
          "price": 74.9,
          "original_price": null,
          "unit_price": 325.65,
          "unit": "Kg",
          "package_size": "230 g",
          "condition": null
        }
      ],
      "description": null
    },
    {
      "name": "Vitana Grilovací koření česnekové",
      "brand": "Vitana",
      "product_url": "https://wolt.com/cs/cze/prague/venue/albert-vinohradska/vitana-grilovaci-koreni-cesnekove-itemid-64ca0b7cba162577de489377",
      "image_url": "https://imageproxy.wolt.com/menu/menu-images/64ffec4406cca0140dfab831/b9bc369c-8eba-11ee-a4a2-be8c16d2d45a_26684628.jpg",
      "categories": [
        "TRVANLIVÉ",
        "KOŘENÍ A OCHUCOVADLA"
      ],
      "prices": [
        {
          "store_name": "Albert",
          "price": 15.9,
          "original_price": null,
          "unit_price": 481.82,
          "unit": "Kg",
          "package_size": "33 g",
          "condition": null
        }
      ],
      "description": null
    },
    {
      "name": "Česká chuť Kladenská pečeně",
      "brand": "Česká chuť",
      "product_url": "https://wolt.com/cs/cze/prague/venue/albert-vinohradska/ceska-chut-kladenska-pecene-itemid-657233256818b938df947825",
      "image_url": "https://imageproxy.wolt.com/menu/menu-images/64ffec4406cca0140dfab831/af116e40-8ebc-11ee-9d3f-a28724a7b713_26863061.jpg",
      "categories": [
        "UZENINY A LAHŮDKY",
        "ŠUNKY A SLANINY"
      ],
      "prices": [
        {
          "store_name": "Albert",
          "price": 29.9,
          "original_price": null,
          "unit_price": 299.0,
          "unit": "Kg",
          "package_size": "100 g",
          "condition": null
        }
      ],
      "description": null
    },
    {
      "name": "Perla Bio Černý čaj",
      "brand": "Perla",
      "product_url": "https://wolt.com/cs/cze/prague/venue/albert-vinohradska/perla-bio-cerny-caj-itemid-651c87691e498d6e7d7bb293",
      "image_url": "https://imageproxy.wolt.com/menu/menu-images/64ffec4406cca0140dfab831/0ad0a1c0-8ecb-11ee-957e-eeaca9845bb4_27793978.jpg",
      "categories": [
        "NÁPOJE",
        "KÁVA A ČAJ"
      ],
      "prices": [
        {
          "store_name": "Albert",
          "price": 29.9,
          "original_price": null,
          "unit_price": 996.67,
          "unit": "Kg",
          "package_size": "30 g",
          "condition": null
        }
      ],
      "description": null
    },
    {
      "name": "Mlékárna Kunín Krémová do omáček 15%",
      "brand": "Mlékárna Kunín",
      "product_url": "https://wolt.com/cs/cze/prague/venue/albert-vinohradska/mlekarna-kunin-kremova-do-omacek-15-itemid-64ca0b7cba162577de489124",
      "image_url": "https://imageproxy.wolt.com/menu/menu-images/63ad795db242366d1f818f36/c467be68-f8ef-11ef-9008-be3882decfb2_24978293.jpg",
      "categories": [
        "MLÉČNÉ A CHLAZENÉ",
        "SMETANY A ŠLEHAČKY"
      ],
      "prices": [
        {
          "store_name": "Albert",
          "price": 37.9,
          "original_price": null,
          "unit_price": 189.5,
          "unit": "Kg",
          "package_size": "200 g",
          "condition": null
        }
      ],
      "description": null
    },
    {
      "name": "Nature's Promise Bio Brambory kořenící směs",
      "brand": "Nature's Promise",
      "product_url": "https://wolt.com/cs/cze/prague/venue/albert-vinohradska/nature-s-promise-bio-brambory-korenici-smes-itemid-681b5abffcbd67bf7a8f49e1",
      "image_url": "https://imageproxy.wolt.com/menu/menu-images/63ad795db242366d1f818f36/9b771870-2b47-11f0-8c45-26e358a0cb58_27935927.jpg",
      "categories": [
        "TRVANLIVÉ",
        "KOŘENÍ A OCHUCOVADLA"
      ],
      "prices": [
        {
          "store_name": "Albert",
          "price": 19.9,
          "original_price": null,
          "unit_price": 995.0,
          "unit": "Kg",
          "package_size": "20 g",
          "condition": null
        }
      ],
      "description": null
    },
    {
      "name": "Durex Classic kondomy",
      "brand": "Durex",
      "product_url": "https://wolt.com/cs/cze/prague/venue/albert-vinohradska/durex-classic-kondomy-itemid-64ca0b7cba162577de489e57",
      "image_url": "https://imageproxy.wolt.com/menu/menu-images/63ad795db242366d1f818f36/bfa3b75e-ed43-11ef-8a56-baf0befa6561_23256293.jpg",
      "categories": [
        "DROGERIE A KOSMETIKA",
        "PRO INTIMNÍ CHVÍLE"
      ],
      "prices": [
        {
          "store_name": "Albert",
          "price": 289.0,
          "original_price": null,
          "unit_price": 24.08,
          "unit": "ks",
          "package_size": "‪12‬ kusů",
          "condition": "Vyprodáno"
        }
      ],
      "description": null
    },
    {
      "name": "Ondoliva Olivový olej z pokrutin",
      "brand": "Ondoliva",
      "product_url": "https://wolt.com/cs/cze/prague/venue/albert-vinohradska/ondoliva-olivovy-olej-z-pokrutin-itemid-64ca0b7cba162577de48a305",
      "image_url": "https://imageproxy.wolt.com/menu/menu-images/64ffec4406cca0140dfab831/85f2556a-8eb7-11ee-8657-7a99d2fb2f9f_25947274.jpg",
      "categories": [
        "TRVANLIVÉ",
        "OLEJE A OCTY"
      ],
      "prices": [
        {
          "store_name": "Albert",
          "price": 289.0,
          "original_price": null,
          "unit_price": 289.0,
          "unit": "l",
          "package_size": "1 l",
          "condition": null
        }
      ],
      "description": null
    },
    {
      "name": "Pilsner Urquell světlý ležák",
      "brand": "Pilsner Urquell",
      "product_url": "https://wolt.com/cs/cze/prague/venue/albert-vinohradska/pilsner-urquell-svetly-lezak-itemid-64ca0b7cba162577de489158",
      "image_url": "https://imageproxy.wolt.com/menu/menu-images/64ffec4406cca0140dfab831/dcb73786-8eac-11ee-a0f0-2e6db99b5925_20394837.jpg",
      "categories": [
        "NÁPOJE",
        "PIVA"
      ],
      "prices": [
        {
          "store_name": "Albert",
          "price": 31.9,
          "original_price": null,
          "unit_price": 96.67,
          "unit": "l",
          "package_size": "330 ml, 4,4% alc",
          "condition": "18+"
        }
      ],
      "description": null
    },
    {
      "name": "YoPRO protein puding čokoláda, lískový oříšek",
      "brand": "YoPRO",
      "product_url": "https://wolt.com/cs/cze/prague/venue/albert-vinohradska/yopro-protein-puding-cokolada-liskovy-orisek-itemid-681b5abffcbd67bf7a8f4aba",
      "image_url": "https://imageproxy.wolt.com/menu/menu-images/63ad795db242366d1f818f36/797c7fbc-2b47-11f0-9e3d-ee60b9491742_27890141.jpg",
      "categories": [
        "MLÉČNÉ A CHLAZENÉ",
        "JOGURTY A DEZERTY"
      ],
      "prices": [
        {
          "store_name": "Albert",
          "price": 48.9,
          "original_price": null,
          "unit_price": 271.67,
          "unit": "Kg",
          "package_size": "180 g",
          "condition": null
        }
      ],
      "description": null
    },
    {
      "name": "Jablka Golden Delicious",
      "brand": "Jablka",
      "product_url": "https://wolt.com/cs/cze/prague/venue/albert-vinohradska/jablka-golden-delicious-itemid-68b4adb8174c068486e91034",
      "image_url": "https://imageproxy.wolt.com/menu/menu-images/6666a3a295b96e9eba377ef3/83c92ee2-dfb7-11ef-8db1-e61af69bfece_20442316.jpg",
      "categories": [
        "OVOCE A ZELENINA",
        "OVOCE"
      ],
      "prices": [
        {
          "store_name": "Albert",
          "price": null,
          "original_price": null,
          "unit_price": null,
          "unit": null,
          "package_size": "~230 g",
          "condition": "Sleva"
        }
      ],
      "description": null
    },
    {
      "name": "Česká chuť Sterilované okurky 6-9 cm",
      "brand": "Česká chuť",
      "product_url": "https://wolt.com/cs/cze/prague/venue/albert-vinohradska/ceska-chut-sterilovane-okurky-6-9-cm-itemid-681b5abffcbd67bf7a8f49ec",
      "image_url": "https://imageproxy.wolt.com/menu/menu-images/63ad795db242366d1f818f36/8b69542a-2b47-11f0-9843-be47bb4dacd4_27920251.jpg",
      "categories": [
        "TRVANLIVÉ",
        "KONZERVOVANÉ POTR."
      ],
      "prices": [
        {
          "store_name": "Albert",
          "price": 45.9,
          "original_price": null,
          "unit_price": 131.14,
          "unit": "Kg",
          "package_size": "350 g",
          "condition": null
        }
      ],
      "description": null
    },
    {
      "name": "Albert Jogurt borůvka",
      "brand": "Albert",
      "product_url": "https://wolt.com/cs/cze/prague/venue/albert-vinohradska/albert-jogurt-boruvka-itemid-64ca0b7cba162577de489012",
      "image_url": "https://imageproxy.wolt.com/menu/menu-images/64ffec4406cca0140dfab831/4a41aaa8-8eb6-11ee-a6e4-3a1814765055_25734485.jpg",
      "categories": [
        "MLÉČNÉ A CHLAZENÉ",
        "JOGURTY A DEZERTY"
      ],
      "prices": [
        {
          "store_name": "Albert",
          "price": 21.9,
          "original_price": null,
          "unit_price": 54.75,
          "unit": "Kg",
          "package_size": "400 g",
          "condition": null
        }
      ],
      "description": null
    },
    {
      "name": "Albert Rajčata krájená s příchutí cibule a česneku",
      "brand": "Albert",
      "product_url": "https://wolt.com/cs/cze/prague/venue/albert-vinohradska/albert-rajcata-krajena-s-prichuti-cibule-a-cesneku-itemid-657233256818b938df9489ac",
      "image_url": "https://imageproxy.wolt.com/menu/menu-images/64ffec4406cca0140dfab831/006a3b96-8ec2-11ee-adde-6e71a63f1558_27273135.jpg",
      "categories": [
        "TRVANLIVÉ",
        "KONZERVOVANÉ POTR."
      ],
      "prices": [
        {
          "store_name": "Albert",
          "price": 31.9,
          "original_price": null,
          "unit_price": 132.92,
          "unit": "Kg",
          "package_size": "240 g",
          "condition": null
        }
      ],
      "description": null
    },
    {
      "name": "Penam Chléb",
      "brand": "Penam",
      "product_url": "https://wolt.com/cs/cze/prague/venue/albert-vinohradska/penam-chleb-itemid-6601e525a8eb8ad0d154d68a",
      "image_url": "https://imageproxy.wolt.com/menu/menu-images/6601c613e48d1c8d95333085/51d50b62-eae5-11ee-9b4a-ea82a7f35613_27823590.jpg",
      "categories": [
        "PEKÁRNA A CUKRÁRNA",
        "CHLÉB BALENÝ"
      ],
      "prices": [
        {
          "store_name": "Albert",
          "price": 49.9,
          "original_price": null,
          "unit_price": 155.94,
          "unit": "Kg",
          "package_size": "320 g",
          "condition": null
        }
      ],
      "description": null
    },
    {
      "name": "Jack Link's Beef Jerky Sušené hovězí Sweet&Hot",
      "brand": "Jack",
      "product_url": "https://wolt.com/cs/cze/prague/venue/albert-vinohradska/jack-link-s-beef-jerky-susene-hovezi-sweet-hot-itemid-64ca0b7cba162577de489ab4",
      "image_url": "https://imageproxy.wolt.com/menu/menu-images/64ffec4406cca0140dfab831/4a0a31f0-8ebf-11ee-bddf-362f93bf1d5e_27104651.jpg",
      "categories": [
        "TRVANLIVÉ",
        "SLANÉ"
      ],
      "prices": [
        {
          "store_name": "Albert",
          "price": 77.9,
          "original_price": null,
          "unit_price": 3116.0,
          "unit": "Kg",
          "package_size": "25 g",
          "condition": null
        }
      ],
      "description": null
    },
    {
      "name": "Grom Sorbet Citron",
      "brand": "Grom",
      "product_url": "https://wolt.com/cs/cze/prague/venue/albert-vinohradska/grom-sorbet-citron-itemid-6876153a0c6218e9f3e5f457",
      "image_url": "https://imageproxy.wolt.com/menu/menu-images/64b62ec5e5ab70cdc92e30f0/169b3484-616f-11f0-b1f3-fa8755900022_27201121.jpg",
      "categories": [
        "MRAŽENÉ POTRAVINY",
        "ZMRZLINA A NANUKY"
      ],
      "prices": [
        {
          "store_name": "Albert",
          "price": 179.0,
          "original_price": null,
          "unit_price": 389.13,
          "unit": "l",
          "package_size": "460 ml",
          "condition": null
        }
      ],
      "description": null
    },
    {
      "name": "Alpa Masážní konopný balzám",
      "brand": "Alpa",
      "product_url": "https://wolt.com/cs/cze/prague/venue/albert-vinohradska/alpa-masazni-konopny-balzam-itemid-657233256818b938df948617",
      "image_url": "https://imageproxy.wolt.com/menu/menu-images/64ffec4406cca0140dfab831/26eeb368-8ebe-11ee-902d-4a6028ff4aea_26995441.jpg",
      "categories": [
        "DROGERIE A KOSMETIKA",
        "PÉČE O TĚLO"
      ],
      "prices": [
        {
          "store_name": "Albert",
          "price": 89.9,
          "original_price": null,
          "unit_price": 599.33,
          "unit": "l",
          "package_size": "150 ml",
          "condition": null
        }
      ],
      "description": null
    },
    {
      "name": "Česká chuť Vídeňské párky",
      "brand": "Česká chuť",
      "product_url": "https://wolt.com/cs/cze/prague/venue/albert-vinohradska/ceska-chut-videnske-parky-itemid-64ca0b7cba162577de48909b",
      "image_url": "https://imageproxy.wolt.com/menu/menu-images/64ffec4406cca0140dfab831/24e2348a-8ec5-11ee-acd5-f29ca2c99672_27520970.jpg",
      "categories": [
        "UZENINY A LAHŮDKY",
        "PÁRKY A KLOBÁSY"
      ],
      "prices": [
        {
          "store_name": "Albert",
          "price": 62.9,
          "original_price": null,
          "unit_price": 314.5,
          "unit": "Kg",
          "package_size": "200 g",
          "condition": null
        }
      ],
      "description": null
    },
    {
      "name": "Mlékárna ValMez Jogurt bílý",
      "brand": "Mlékárna",
      "product_url": "https://wolt.com/cs/cze/prague/venue/albert-vinohradska/mlekarna-valmez-jogurt-bily-itemid-64ca0b7cba162577de4894ea",
      "image_url": "https://imageproxy.wolt.com/menu/menu-images/64ffec4406cca0140dfab831/41de5a0a-8eb6-11ee-8393-36180384687e_25732634.jpg",
      "categories": [
        "MLÉČNÉ A CHLAZENÉ",
        "JOGURTY A DEZERTY"
      ],
      "prices": [
        {
          "store_name": "Albert",
          "price": 26.9,
          "original_price": null,
          "unit_price": 70.79,
          "unit": "Kg",
          "package_size": "380 g",
          "condition": null
        }
      ],
      "description": null
    },
    {
      "name": "Listerine Cool Mint ústní voda",
      "brand": "Listerine",
      "product_url": "https://wolt.com/cs/cze/prague/venue/albert-vinohradska/listerine-cool-mint-ustni-voda-itemid-64ca0b7cba162577de489cfe",
      "image_url": "https://imageproxy.wolt.com/menu/menu-images/64ffec4406cca0140dfab831/707ada98-8eb4-11ee-85bf-3a1814765055_25330175.jpg",
      "categories": [
        "DROGERIE A KOSMETIKA",
        "ÚSTNÍ HYGIENA"
      ],
      "prices": [
        {
          "store_name": "Albert",
          "price": null,
          "original_price": null,
          "unit_price": 146.9,
          "unit": "l",
          "package_size": "1 l",
          "condition": "Sleva"
        }
      ],
      "description": null
    },
    {
      "name": "Otma Gurmán Kečup ostrý",
      "brand": "Otma",
      "product_url": "https://wolt.com/cs/cze/prague/venue/albert-vinohradska/otma-gurman-kecup-ostry-itemid-64ca0b7cba162577de48954e",
      "image_url": "https://imageproxy.wolt.com/menu/menu-images/64ffec4406cca0140dfab831/c2a6c0dc-8eac-11ee-9f0a-9efff91d0ab5_20323660.jpg",
      "categories": [
        "TRVANLIVÉ",
        "KEČUPY A HOŘČICE"
      ],
      "prices": [
        {
          "store_name": "Albert",
          "price": 81.9,
          "original_price": null,
          "unit_price": 157.5,
          "unit": "Kg",
          "package_size": "520 g",
          "condition": null
        }
      ],
      "description": null
    },
    {
      "name": "Lovepet Kapsa pro kočky, ryba v omáčce",
      "brand": "Lovepet",
      "product_url": "https://wolt.com/cs/cze/prague/venue/albert-vinohradska/lovepet-kapsa-pro-kocky-ryba-v-omacce-itemid-64ca0b7cba162577de489f91",
      "image_url": "https://imageproxy.wolt.com/menu/menu-images/63ad795db242366d1f818f36/3a6ec970-7826-11f0-bb0f-da3a033145f9_26444345.jpg",
      "categories": [
        "ZVÍŘATA",
        "KOČKY"
      ],
      "prices": [
        {
          "store_name": "Albert",
          "price": 10.9,
          "original_price": null,
          "unit_price": 109.0,
          "unit": "Kg",
          "package_size": "100 g",
          "condition": null
        }
      ],
      "description": null
    },
    {
      "name": "Albert Stelivo pro kočky",
      "brand": "Albert",
      "product_url": "https://wolt.com/cs/cze/prague/venue/albert-vinohradska/albert-stelivo-pro-kocky-itemid-64ca0b7cba162577de488c29",
      "image_url": "https://imageproxy.wolt.com/menu/menu-images/63ad795db242366d1f818f36/71cb459c-0608-11ef-8450-8a5a4f180873_25839647.jpg",
      "categories": [
        "ZVÍŘATA",
        "KOČKY"
      ],
      "prices": [
        {
          "store_name": "Albert",
          "price": null,
          "original_price": null,
          "unit_price": 9.98,
          "unit": "Kg",
          "package_size": "5 kg",
          "condition": "Sleva"
        }
      ],
      "description": null
    },
    {
      "name": "Vaječný Sen Čokoláda 15%",
      "brand": "Vaječný",
      "product_url": "https://wolt.com/cs/cze/prague/venue/albert-vinohradska/vajecny-sen-cokolada-15-itemid-657233256818b938df9484ea",
      "image_url": "https://imageproxy.wolt.com/menu/menu-images/64ffec4406cca0140dfab831/26eed442-8ebe-11ee-9521-b29f7f1f7f8d_26994857.jpg",
      "categories": [
        "NÁPOJE",
        "LIHOVINY"
      ],
      "prices": [
        {
          "store_name": "Albert",
          "price": 169.0,
          "original_price": null,
          "unit_price": 338.0,
          "unit": "l",
          "package_size": "500 ml, 15% alc",
          "condition": "18+"
        }
      ],
      "description": null
    },
    {
      "name": "Nature's Promise Bio Mandlový nápoj",
      "brand": "Nature's Promise",
      "product_url": "https://wolt.com/cs/cze/prague/venue/albert-vinohradska/nature-s-promise-bio-mandlovy-napoj-itemid-64ca0b7cba162577de4886f5",
      "image_url": "https://imageproxy.wolt.com/menu/menu-images/64ffec4406cca0140dfab831/c4cf9e0a-8ec6-11ee-84be-5e4be69f0c6c_27622797.jpg",
      "categories": [
        "MLÉČNÉ A CHLAZENÉ",
        "ROSTLINNÉ PRODUKTY"
      ],
      "prices": [
        {
          "store_name": "Albert",
          "price": 28.9,
          "original_price": null,
          "unit_price": 28.9,
          "unit": "l",
          "package_size": "1 l",
          "condition": null
        }
      ],
      "description": null
    },
    {
      "name": "Vitana Citrónová kůra mletá",
      "brand": "Vitana",
      "product_url": "https://wolt.com/cs/cze/prague/venue/albert-vinohradska/vitana-citronova-kura-mleta-itemid-64ca0b7cba162577de489557",
      "image_url": "https://imageproxy.wolt.com/menu/menu-images/64ffec4406cca0140dfab831/b672258c-8eba-11ee-9a5d-1e037cde04d4_26684567.jpg",
      "categories": [
        "TRVANLIVÉ",
        "KOŘENÍ A OCHUCOVADLA"
      ],
      "prices": [
        {
          "store_name": "Albert",
          "price": 25.9,
          "original_price": null,
          "unit_price": 1992.31,
          "unit": "Kg",
          "package_size": "13 g",
          "condition": null
        }
      ],
      "description": null
    },
    {
      "name": "Purina One Junior pro koťata bohaté na kuře",
      "brand": "Purina",
      "product_url": "https://wolt.com/cs/cze/prague/venue/albert-vinohradska/purina-one-junior-pro-kotata-bohate-na-kure-itemid-64ca0b7cba162577de489c5e",
      "image_url": "https://imageproxy.wolt.com/menu/menu-images/64ffec4406cca0140dfab831/890d2580-8eb3-11ee-8697-8e381a14ed80_25057621.jpg",
      "categories": [
        "ZVÍŘATA",
        "KOČKY"
      ],
      "prices": [
        {
          "store_name": "Albert",
          "price": 129.9,
          "original_price": null,
          "unit_price": 162.38,
          "unit": "Kg",
          "package_size": "800 g",
          "condition": null
        }
      ],
      "description": null
    },
    {
      "name": "Captain Morgan Sliced Apple 25%",
      "brand": "Captain Morgan",
      "product_url": "https://wolt.com/cs/cze/prague/venue/albert-vinohradska/captain-morgan-sliced-apple-25-itemid-657233256818b938df948658",
      "image_url": "https://imageproxy.wolt.com/menu/menu-images/64ffec4406cca0140dfab831/ce27b180-8ec7-11ee-876c-22bb34ae47e9_27682326.jpg",
      "categories": [
        "NÁPOJE",
        "LIHOVINY"
      ],
      "prices": [
        {
          "store_name": "Albert",
          "price": 489.0,
          "original_price": null,
          "unit_price": 698.57,
          "unit": "l",
          "package_size": "700 ml, 25% alc",
          "condition": "18+"
        }
      ],
      "description": null
    },
    {
      "name": "Albert Excellent Fuet Extra",
      "brand": "Albert Excellent",
      "product_url": "https://wolt.com/cs/cze/prague/venue/albert-vinohradska/albert-excellent-fuet-extra-itemid-64ca0b7cba162577de4886b7",
      "image_url": "https://imageproxy.wolt.com/menu/menu-images/63ad795db242366d1f818f36/97590c00-be3e-11f0-8146-feae9614ca79_26626123.jpg",
      "categories": [
        "UZENINY A LAHŮDKY",
        "ŠUNKY A SLANINY"
      ],
      "prices": [
        {
          "store_name": "Albert",
          "price": 61.9,
          "original_price": null,
          "unit_price": 412.67,
          "unit": "Kg",
          "package_size": "150 g",
          "condition": null
        }
      ],
      "description": null
    },
    {
      "name": "Hollandia Selský jogurt borůvka",
      "brand": "Hollandia",
      "product_url": "https://wolt.com/cs/cze/prague/venue/albert-vinohradska/hollandia-selsky-jogurt-boruvka-itemid-64ca0b7cba162577de48816b",
      "image_url": "https://imageproxy.wolt.com/menu/menu-images/63ad795db242366d1f818f36/38ed7c9c-1c04-11ef-9c64-9687e365a004_23498051.jpg",
      "categories": [
        "MLÉČNÉ A CHLAZENÉ",
        "JOGURTY A DEZERTY"
      ],
      "prices": [
        {
          "store_name": "Albert",
          "price": 21.9,
          "original_price": null,
          "unit_price": 109.5,
          "unit": "Kg",
          "package_size": "200 g",
          "condition": null
        }
      ],
      "description": null
    },
    {
      "name": "Carte d'Or Smetanový dezert kakao",
      "brand": "Carte",
      "product_url": "https://wolt.com/cs/cze/prague/venue/albert-vinohradska/carte-d-or-smetanovy-dezert-kakao-itemid-657233256818b938df948b49",
      "image_url": "https://imageproxy.wolt.com/menu/menu-images/64ffec4406cca0140dfab831/c4d76770-8ec6-11ee-babc-22bb34ae47e9_27623015.jpg",
      "categories": [
        "MLÉČNÉ A CHLAZENÉ",
        "JOGURTY A DEZERTY"
      ],
      "prices": [
        {
          "store_name": "Albert",
          "price": 24.9,
          "original_price": null,
          "unit_price": 177.86,
          "unit": "Kg",
          "package_size": "140 g",
          "condition": null
        }
      ],
      "description": null
    },
    {
      "name": "Hamé Špagetka",
      "brand": "Hamé",
      "product_url": "https://wolt.com/cs/cze/prague/venue/albert-vinohradska/hame-spagetka-itemid-64ca0b7cba162577de48988c",
      "image_url": "https://imageproxy.wolt.com/menu/menu-images/64ffec4406cca0140dfab831/d1158446-8eb1-11ee-907b-865f2970631c_24559461.jpg",
      "categories": [
        "TRVANLIVÉ",
        "INSTANTNÍ POKRMY"
      ],
      "prices": [
        {
          "store_name": "Albert",
          "price": 75.9,
          "original_price": null,
          "unit_price": 182.89,
          "unit": "Kg",
          "package_size": "415 g",
          "condition": null
        }
      ],
      "description": null
    },
    {
      "name": "Panzani Spaghetti 3 minuty",
      "brand": "Panzani",
      "product_url": "https://wolt.com/cs/cze/prague/venue/albert-vinohradska/panzani-spaghetti-3-minuty-itemid-64ca0b7cba162577de4894ff",
      "image_url": "https://imageproxy.wolt.com/menu/menu-images/64ffec4406cca0140dfab831/83be2a8e-8eae-11ee-8428-6294619ebc29_22500250.jpg",
      "categories": [
        "TRVANLIVÉ",
        "TĚSTOVINY A KUSKUS"
      ],
      "prices": [
        {
          "store_name": "Albert",
          "price": 37.9,
          "original_price": null,
          "unit_price": 75.8,
          "unit": "Kg",
          "package_size": "500 g",
          "condition": null
        }
      ],
      "description": null
    },
    {
      "name": "Albert Kapsičky pro kočky kuřecí a hovězí",
      "brand": "Albert",
      "product_url": "https://wolt.com/cs/cze/prague/venue/albert-vinohradska/albert-kapsicky-pro-kocky-kureci-a-hovezi-itemid-64ca0b7cba162577de48a53a",
      "image_url": "https://imageproxy.wolt.com/menu/menu-images/64ffec4406cca0140dfab831/bc1b17ec-8ec3-11ee-9ff7-2242df874e85_27422199.jpg",
      "categories": [
        "ZVÍŘATA",
        "KOČKY"
      ],
      "prices": [
        {
          "store_name": "Albert",
          "price": 49.9,
          "original_price": null,
          "unit_price": 146.76,
          "unit": "Kg",
          "package_size": "340 g",
          "condition": null
        }
      ],
      "description": null
    },
    {
      "name": "Fresh Bistro Polévka s houbami shiitake",
      "brand": "Fresh Bistro",
      "product_url": "https://wolt.com/cs/cze/prague/venue/albert-vinohradska/fresh-bistro-polevka-s-houbami-shiitake-itemid-64ca0b7cba162577de4887cf",
      "image_url": "https://imageproxy.wolt.com/menu/menu-images/64ffec4406cca0140dfab831/51fb4b08-8ec2-11ee-83cd-7639dadf697f_27294444.jpg",
      "categories": [
        "UZENINY A LAHŮDKY",
        "HOTOVKY A PŘÍLOHY"
      ],
      "prices": [
        {
          "store_name": "Albert",
          "price": 59.9,
          "original_price": null,
          "unit_price": 171.14,
          "unit": "Kg",
          "package_size": "350 g",
          "condition": null
        }
      ],
      "description": null
    },
    {
      "name": "Mucha Sekt nealkoholický",
      "brand": "Mucha",
      "product_url": "https://wolt.com/cs/cze/prague/venue/albert-vinohradska/mucha-sekt-nealkoholicky-itemid-657233256818b938df947951",
      "image_url": "https://imageproxy.wolt.com/menu/menu-images/64ffec4406cca0140dfab831/22986a34-8ec3-11ee-ad15-f6a0c6fd1153_27353622.jpg",
      "categories": [
        "NÁPOJE",
        "VÍNA"
      ],
      "prices": [
        {
          "store_name": "Albert",
          "price": 184.0,
          "original_price": null,
          "unit_price": 245.33,
          "unit": "l",
          "package_size": "750 ml",
          "condition": null
        }
      ],
      "description": null
    },
    {
      "name": "Nature's Promise Hummus trio",
      "brand": "Nature's Promise",
      "product_url": "https://wolt.com/cs/cze/prague/venue/albert-vinohradska/nature-s-promise-hummus-trio-itemid-64ca0b7cba162577de488d29",
      "image_url": "https://imageproxy.wolt.com/menu/menu-images/63ad795db242366d1f818f36/ac08411a-aef6-11ee-8d99-9a3640050f4f_27160282.jpg",
      "categories": [
        "UZENINY A LAHŮDKY",
        "SALÁTY A POMAZÁNKY"
      ],
      "prices": [
        {
          "store_name": "Albert",
          "price": null,
          "original_price": null,
          "unit_price": 190.0,
          "unit": "Kg",
          "package_size": "210 g",
          "condition": "Sleva"
        }
      ],
      "description": null
    },
    {
      "name": "Barilla Basilico rajčatová omáčka",
      "brand": "Barilla",
      "product_url": "https://wolt.com/cs/cze/prague/venue/albert-vinohradska/barilla-basilico-rajcatova-omacka-itemid-64ca0b7cba162577de48947a",
      "image_url": "https://imageproxy.wolt.com/menu/menu-images/64ffec4406cca0140dfab831/c0c70532-8ead-11ee-a127-9efff91d0ab5_21210914.jpg",
      "categories": [
        "TRVANLIVÉ",
        "KEČUPY A HOŘČICE"
      ],
      "prices": [
        {
          "store_name": "Albert",
          "price": 81.9,
          "original_price": null,
          "unit_price": 204.75,
          "unit": "Kg",
          "package_size": "400 g",
          "condition": null
        }
      ],
      "description": null
    },
    {
      "name": "Madeta MAXI Lipánek tvarohový méně sladký",
      "brand": "Madeta",
      "product_url": "https://wolt.com/cs/cze/prague/venue/albert-vinohradska/madeta-maxi-lipanek-tvarohovy-mene-sladky-itemid-64ca0b7cba162577de488189",
      "image_url": "https://imageproxy.wolt.com/menu/menu-images/64ffec4406cca0140dfab831/64c25678-8ec2-11ee-8ab5-f20dec45ea3c_27298367.jpg",
      "categories": [
        "MLÉČNÉ A CHLAZENÉ",
        "JOGURTY A DEZERTY"
      ],
      "prices": [
        {
          "store_name": "Albert",
          "price": 23.9,
          "original_price": null,
          "unit_price": 183.85,
          "unit": "Kg",
          "package_size": "130 g",
          "condition": null
        }
      ],
      "description": null
    },
    {
      "name": "Coca-Cola Zero",
      "brand": "Coca-Cola",
      "product_url": "https://wolt.com/cs/cze/prague/venue/albert-vinohradska/coca-cola-zero-itemid-64ca0b7cba162577de489579",
      "image_url": "https://imageproxy.wolt.com/menu/menu-images/64ffec4406cca0140dfab831/e7cfe32a-8eb1-11ee-bf6d-16e6bf59122a_24598101.jpg",
      "categories": [
        "NÁPOJE",
        "LIMONÁDY"
      ],
      "prices": [
        {
          "store_name": "Albert",
          "price": 34.9,
          "original_price": null,
          "unit_price": 17.45,
          "unit": "l",
          "package_size": "2 l",
          "condition": null
        }
      ],
      "description": null
    },
    {
      "name": "Harmony Soft Flora Perfumes toaletní papír",
      "brand": "Harmony",
      "product_url": "https://wolt.com/cs/cze/prague/venue/albert-vinohradska/harmony-soft-flora-perfumes-toaletni-papir-itemid-64ca0b7cba162577de4890a4",
      "image_url": "https://imageproxy.wolt.com/menu/menu-images/63ad795db242366d1f818f36/d2785300-f8ef-11ef-8330-9e59880f26cb_25629743.jpg",
      "categories": [
        "DROGERIE A KOSMETIKA",
        "PAPÍROVÁ HYGIENA"
      ],
      "prices": [
        {
          "store_name": "Albert",
          "price": 99.9,
          "original_price": null,
          "unit_price": 0.71,
          "unit": "ks",
          "package_size": "‪140‬ kusů",
          "condition": null
        }
      ],
      "description": null
    },
    {
      "name": "Paulaner Hefe-Weißbier pšeničné kvasnicové",
      "brand": "Paulaner",
      "product_url": "https://wolt.com/cs/cze/prague/venue/albert-vinohradska/paulaner-hefe-weissbier-psenicne-kvasnicove-itemid-657233256818b938df947f9e",
      "image_url": "https://imageproxy.wolt.com/menu/menu-images/64ffec4406cca0140dfab831/d126d9ee-8ebb-11ee-b937-46136b2ea02a_26806242.jpg",
      "categories": [
        "NÁPOJE",
        "PIVA"
      ],
      "prices": [
        {
          "store_name": "Albert",
          "price": 49.9,
          "original_price": null,
          "unit_price": 99.8,
          "unit": "l",
          "package_size": "500 ml, 5,5% alc",
          "condition": "18+"
        }
      ],
      "description": null
    },
    {
      "name": "Mattoni Minerální voda perlivá pomeranč",
      "brand": "Mattoni",
      "product_url": "https://wolt.com/cs/cze/prague/venue/albert-vinohradska/mattoni-mineralni-voda-perliva-pomeranc-itemid-64ca0b7cba162577de4887bd",
      "image_url": "https://imageproxy.wolt.com/menu/menu-images/63ad795db242366d1f818f36/d9ced916-7825-11f0-b7a7-3e50448b5aaa_21360800.jpg",
      "categories": [
        "NÁPOJE",
        "VODY A MINERÁLKY"
      ],
      "prices": [
        {
          "store_name": "Albert",
          "price": 14.9,
          "original_price": null,
          "unit_price": 9.93,
          "unit": "l",
          "package_size": "1,5 l",
          "condition": null
        }
      ],
      "description": null
    },
    {
      "name": "Albert Farmářské maso",
      "brand": "Albert",
      "product_url": "https://wolt.com/cs/cze/prague/venue/albert-vinohradska/albert-farmarske-maso-itemid-657233256818b938df947863",
      "image_url": "https://imageproxy.wolt.com/menu/menu-images/64ffec4406cca0140dfab831/8ebd61f8-8eb7-11ee-a6ca-7a4dcb26504b_25961485.jpg",
      "categories": [
        "MASO A RYBY",
        "VEPŘOVÉ"
      ],
      "prices": [
        {
          "store_name": "Albert",
          "price": 144.5,
          "original_price": null,
          "unit_price": null,
          "unit": null,
          "package_size": null,
          "condition": null
        }
      ],
      "description": null
    },
    {
      "name": "Nescafé Dolce Gusto Café au Lait kapsle",
      "brand": "Nescafé",
      "product_url": "https://wolt.com/cs/cze/prague/venue/albert-vinohradska/nescafe-dolce-gusto-cafe-au-lait-kapsle-itemid-681b5abffcbd67bf7a8f4b55",
      "image_url": "https://imageproxy.wolt.com/menu/menu-images/63ad795db242366d1f818f36/0ad1f90c-2b47-11f0-a9d6-e2dc59dff9ce_25295177.jpg",
      "categories": [
        "NÁPOJE",
        "KÁVA A ČAJ"
      ],
      "prices": [
        {
          "store_name": "Albert",
          "price": 149.9,
          "original_price": null,
          "unit_price": 9.37,
          "unit": "ks",
          "package_size": "‪16‬ kusů",
          "condition": null
        }
      ],
      "description": null
    },
    {
      "name": "Palmolive Naturals Olive & Milk tekuté mýdlo",
      "brand": "Palmolive",
      "product_url": "https://wolt.com/cs/cze/prague/venue/albert-vinohradska/palmolive-naturals-olive-milk-tekute-mydlo-itemid-64ca0b7cba162577de48903f",
      "image_url": "https://imageproxy.wolt.com/menu/menu-images/63ad795db242366d1f818f36/45f37524-4e4d-11ef-9dac-8a0ff6c4b63c_25851571.jpg",
      "categories": [
        "DROGERIE A KOSMETIKA",
        "MÝDLA A GELY"
      ],
      "prices": [
        {
          "store_name": "Albert",
          "price": null,
          "original_price": null,
          "unit_price": 179.8,
          "unit": "l",
          "package_size": "500 ml",
          "condition": "Sleva"
        }
      ],
      "description": null
    },
    {
      "name": "Artesie Jemně perlivá voda",
      "brand": "Artesie",
      "product_url": "https://wolt.com/cs/cze/prague/venue/albert-vinohradska/artesie-jemne-perliva-voda-itemid-64ca0b7cba162577de488081",
      "image_url": "https://imageproxy.wolt.com/menu/menu-images/64ffec4406cca0140dfab831/7ea67b40-8eb9-11ee-844d-865f2970631c_26433011.jpg",
      "categories": [
        "NÁPOJE",
        "VODY A MINERÁLKY"
      ],
      "prices": [
        {
          "store_name": "Albert",
          "price": 6.9,
          "original_price": null,
          "unit_price": 4.6,
          "unit": "l",
          "package_size": "1,5 l",
          "condition": null
        }
      ],
      "description": null
    },
    {
      "name": "Polévková zelenina  zeleninová směs",
      "brand": "Polévková",
      "product_url": "https://wolt.com/cs/cze/prague/venue/albert-vinohradska/polevkova-zelenina-zeleninova-smes-itemid-64ca0b7cba162577de489642",
      "image_url": "https://imageproxy.wolt.com/menu/menu-images/64ffec4406cca0140dfab831/08523f8e-8ec7-11ee-b2be-9a1f6ae41663_27639610.jpg",
      "categories": [
        "OVOCE A ZELENINA",
        "ZELENINA"
      ],
      "prices": [
        {
          "store_name": "Albert",
          "price": 44.9,
          "original_price": null,
          "unit_price": 69.08,
          "unit": "Kg",
          "package_size": "650 g",
          "condition": null
        }
      ],
      "description": null
    },
    {
      "name": "Pedro Maliny a ostružiny",
      "brand": "Pedro",
      "product_url": "https://wolt.com/cs/cze/prague/venue/albert-vinohradska/pedro-maliny-a-ostruziny-itemid-660203f888132b0fa0f17afe",
      "image_url": "https://imageproxy.wolt.com/menu/menu-images/6601c613e48d1c8d95333085/b238e718-eae4-11ee-b651-a2d2daf8a7c4_27649725.jpg",
      "categories": [
        "TRVANLIVÉ",
        "SLADKOSTI"
      ],
      "prices": [
        {
          "store_name": "Albert",
          "price": 48.9,
          "original_price": null,
          "unit_price": 244.5,
          "unit": "Kg",
          "package_size": "200 g",
          "condition": null
        }
      ],
      "description": null
    },
    {
      "name": "Vimixa Čínské nudle předvařené",
      "brand": "Vimixa",
      "product_url": "https://wolt.com/cs/cze/prague/venue/albert-vinohradska/vimixa-cinske-nudle-predvarene-itemid-64ca0b7cba162577de48914b",
      "image_url": "https://imageproxy.wolt.com/menu/menu-images/64ffec4406cca0140dfab831/f4e5f826-8eaf-11ee-a395-f2309c23f2b6_23590755.jpg",
      "categories": [
        "TRVANLIVÉ",
        "PEČENÍ A VAŘENÍ"
      ],
      "prices": [
        {
          "store_name": "Albert",
          "price": 64.9,
          "original_price": null,
          "unit_price": 129.8,
          "unit": "Kg",
          "package_size": "500 g",
          "condition": null
        }
      ],
      "description": null
    },
    {
      "name": "Birell Višeň a ostružina",
      "brand": "Birell",
      "product_url": "https://wolt.com/cs/cze/prague/venue/albert-vinohradska/birell-visen-a-ostruzina-itemid-64ca0b7cba162577de4882d7",
      "image_url": "https://imageproxy.wolt.com/menu/menu-images/63ad795db242366d1f818f36/a74ee18c-0609-11ef-82a1-fab54a7e2d05_27608388.jpg",
      "categories": [
        "NÁPOJE",
        "PIVA"
      ],
      "prices": [
        {
          "store_name": "Albert",
          "price": 24.9,
          "original_price": null,
          "unit_price": 49.8,
          "unit": "l",
          "package_size": "500 ml, 0,3% alc",
          "condition": "Vyprodáno"
        }
      ],
      "description": null
    },
    {
      "name": "Šumavský Eidam 30% strouhaný",
      "brand": "Šumavský",
      "product_url": "https://wolt.com/cs/cze/prague/venue/albert-vinohradska/sumavsky-eidam-30-strouhany-itemid-64ca0b7cba162577de48957f",
      "image_url": "https://imageproxy.wolt.com/menu/menu-images/64ffec4406cca0140dfab831/883a10fc-8eb1-11ee-ab0e-7a4dcb26504b_24407472.jpg",
      "categories": [
        "MLÉČNÉ A CHLAZENÉ",
        "SÝRY"
      ],
      "prices": [
        {
          "store_name": "Albert",
          "price": 39.9,
          "original_price": null,
          "unit_price": 399.0,
          "unit": "Kg",
          "package_size": "100 g",
          "condition": null
        }
      ],
      "description": null
    },
    {
      "name": "Emma GoNuts Kešu solené",
      "brand": "Emma",
      "product_url": "https://wolt.com/cs/cze/prague/venue/albert-vinohradska/emma-gonuts-kesu-solene-itemid-64ca0b7cba162577de489010",
      "image_url": "https://imageproxy.wolt.com/menu/menu-images/63ad795db242366d1f818f36/8c299154-0609-11ef-91d0-16d21d607294_27538197.jpg",
      "categories": [
        "TRVANLIVÉ",
        "SLANÉ"
      ],
      "prices": [
        {
          "store_name": "Albert",
          "price": 24.9,
          "original_price": null,
          "unit_price": 415.0,
          "unit": "Kg",
          "package_size": "60 g",
          "condition": null
        }
      ],
      "description": null
    },
    {
      "name": "Vepřová panenská svíčková v celku",
      "brand": null,
      "product_url": "https://wolt.com/cs/cze/prague/venue/albert-vinohradska/veprova-panenska-svickova-v-celku-itemid-64ca0b7cba162577de48912f",
      "image_url": "https://imageproxy.wolt.com/menu/menu-images/64ffec4406cca0140dfab831/cc0f2496-8eae-11ee-af71-c21b45fc094b_22840271.jpg",
      "categories": [
        "MASO A RYBY",
        "VEPŘOVÉ"
      ],
      "prices": [
        {
          "store_name": "Albert",
          "price": null,
          "original_price": null,
          "unit_price": null,
          "unit": null,
          "package_size": null,
          "condition": "Sleva, Vyprodáno"
        }
      ],
      "description": null
    },
    {
      "name": "Tvaroháček kakaový Smetanový tvarohový krém",
      "brand": "Tvaroháček",
      "product_url": "https://wolt.com/cs/cze/prague/venue/albert-vinohradska/tvarohacek-kakaovy-smetanovy-tvarohovy-krem-itemid-657233256818b938df9485da",
      "image_url": "https://imageproxy.wolt.com/menu/menu-images/63ad795db242366d1f818f36/1edd3e86-a8ea-11f0-83d4-d242e52f70ed_26919027.jpg",
      "categories": [
        "MLÉČNÉ A CHLAZENÉ",
        "JOGURTY A DEZERTY"
      ],
      "prices": [
        {
          "store_name": "Albert",
          "price": 23.9,
          "original_price": null,
          "unit_price": 183.85,
          "unit": "Kg",
          "package_size": "130 g",
          "condition": null
        }
      ],
      "description": null
    },
    {
      "name": "Cielo Primasole Primitivo",
      "brand": "Cielo",
      "product_url": "https://wolt.com/cs/cze/prague/venue/albert-vinohradska/cielo-primasole-primitivo-itemid-64ca0b7cba162577de48a0ed",
      "image_url": "https://imageproxy.wolt.com/menu/menu-images/64ffec4406cca0140dfab831/bd54528a-8ebf-11ee-b33f-b29f7f1f7f8d_27131190.jpg",
      "categories": [
        "NÁPOJE",
        "VÍNA"
      ],
      "prices": [
        {
          "store_name": "Albert",
          "price": 179.0,
          "original_price": null,
          "unit_price": 238.67,
          "unit": "l",
          "package_size": "750 ml, 13% alc",
          "condition": "18+"
        }
      ],
      "description": null
    },
    {
      "name": "Kostíci Barvíci jogurt vanilkový",
      "brand": "Kostíci",
      "product_url": "https://wolt.com/cs/cze/prague/venue/albert-vinohradska/kostici-barvici-jogurt-vanilkovy-itemid-64ca0b7cba162577de489149",
      "image_url": "https://imageproxy.wolt.com/menu/menu-images/63ad795db242366d1f818f36/889fc798-2183-11ef-93b3-462e7981ad00_22058058.jpg",
      "categories": [
        "MLÉČNÉ A CHLAZENÉ",
        "JOGURTY A DEZERTY"
      ],
      "prices": [
        {
          "store_name": "Albert",
          "price": 21.9,
          "original_price": null,
          "unit_price": 200.92,
          "unit": "Kg",
          "package_size": "109 g",
          "condition": null
        }
      ],
      "description": null
    },
    {
      "name": "Madeta Jihočeské Mléko plnotučné čerstvé",
      "brand": "Madeta",
      "product_url": "https://wolt.com/cs/cze/prague/venue/albert-vinohradska/madeta-jihoceske-mleko-plnotucne-cerstve-itemid-657233256818b938df948b10",
      "image_url": "https://imageproxy.wolt.com/menu/menu-images/63ad795db242366d1f818f36/f5540cfe-7827-11f0-8469-72568dfebd29_27795415.jpg",
      "categories": [
        "MLÉČNÉ A CHLAZENÉ",
        "MLÉČNÉ NÁPOJE"
      ],
      "prices": [
        {
          "store_name": "Albert",
          "price": 32.9,
          "original_price": null,
          "unit_price": 32.9,
          "unit": "l",
          "package_size": "1 l",
          "condition": null
        }
      ],
      "description": null
    },
    {
      "name": "Carte d'Or Tiramisu",
      "brand": "Carte",
      "product_url": "https://wolt.com/cs/cze/prague/venue/albert-vinohradska/carte-d-or-tiramisu-itemid-6876153a0c6218e9f3e5f49c",
      "image_url": "https://imageproxy.wolt.com/menu/menu-images/64b62ec5e5ab70cdc92e30f0/3f8ece00-616f-11f0-8007-eee891ea3f78_27855867.jpg",
      "categories": [
        "MRAŽENÉ POTRAVINY",
        "ZMRZLINA A NANUKY"
      ],
      "prices": [
        {
          "store_name": "Albert",
          "price": 99.9,
          "original_price": null,
          "unit_price": 121.09,
          "unit": "l",
          "package_size": "825 ml",
          "condition": null
        }
      ],
      "description": null
    },
    {
      "name": "Vitana Fenykl celý",
      "brand": "Vitana",
      "product_url": "https://wolt.com/cs/cze/prague/venue/albert-vinohradska/vitana-fenykl-cely-itemid-64ca0b7cba162577de48a0d5",
      "image_url": "https://imageproxy.wolt.com/menu/menu-images/64ffec4406cca0140dfab831/be9f15c6-8eba-11ee-a066-865f2970631c_26684659.jpg",
      "categories": [
        "TRVANLIVÉ",
        "KOŘENÍ A OCHUCOVADLA"
      ],
      "prices": [
        {
          "store_name": "Albert",
          "price": 19.9,
          "original_price": null,
          "unit_price": 865.22,
          "unit": "Kg",
          "package_size": "23 g",
          "condition": null
        }
      ],
      "description": null
    },
    {
      "name": "Franz Josef Olivový olej extra panenský",
      "brand": "Franz",
      "product_url": "https://wolt.com/cs/cze/prague/venue/albert-vinohradska/franz-josef-olivovy-olej-extra-panensky-itemid-64ca0b7cba162577de488431",
      "image_url": "https://imageproxy.wolt.com/menu/menu-images/64ffec4406cca0140dfab831/d127d16e-8eb6-11ee-aada-1e037cde04d4_25845464.jpg",
      "categories": [
        "TRVANLIVÉ",
        "OLEJE A OCTY"
      ],
      "prices": [
        {
          "store_name": "Albert",
          "price": 259.0,
          "original_price": null,
          "unit_price": 259.0,
          "unit": "l",
          "package_size": "1 l",
          "condition": null
        }
      ],
      "description": null
    },
    {
      "name": "Primitivo IGT Puglia",
      "brand": "Primitivo",
      "product_url": "https://wolt.com/cs/cze/prague/venue/albert-vinohradska/primitivo-igt-puglia-itemid-64ca0b7cba162577de48a56b",
      "image_url": "https://imageproxy.wolt.com/menu/menu-images/64ffec4406cca0140dfab831/48457338-8ec0-11ee-ba41-5eb9bb96d91f_27167717.jpg",
      "categories": [
        "NÁPOJE",
        "VÍNA"
      ],
      "prices": [
        {
          "store_name": "Albert",
          "price": 129.9,
          "original_price": null,
          "unit_price": 173.2,
          "unit": "l",
          "package_size": "750 ml, 12,5% alc",
          "condition": "18+"
        }
      ],
      "description": null
    },
    {
      "name": "Bonduelle Vapeur Čočka",
      "brand": "Bonduelle",
      "product_url": "https://wolt.com/cs/cze/prague/venue/albert-vinohradska/bonduelle-vapeur-cocka-itemid-64ca0b7cba162577de488a1d",
      "image_url": "https://imageproxy.wolt.com/menu/menu-images/64ffec4406cca0140dfab831/8a5c183a-8eb6-11ee-919c-faf7ab9749a2_25781502.jpg",
      "categories": [
        "TRVANLIVÉ",
        "KONZERVOVANÉ POTR."
      ],
      "prices": [
        {
          "store_name": "Albert",
          "price": 57.9,
          "original_price": null,
          "unit_price": 218.49,
          "unit": "Kg",
          "package_size": "265 g",
          "condition": null
        }
      ],
      "description": null
    },
    {
      "name": "Nature's Promise Bio Baby Pyré hruška a vločky",
      "brand": "Nature's Promise",
      "product_url": "https://wolt.com/cs/cze/prague/venue/albert-vinohradska/nature-s-promise-bio-baby-pyre-hruska-a-vlocky-itemid-64ca0b7cba162577de48a38c",
      "image_url": "https://imageproxy.wolt.com/menu/menu-images/64ffec4406cca0140dfab831/46ca613c-8ec3-11ee-9378-6e0f65c8f049_27373064.jpg",
      "categories": [
        "DÍTĚ",
        "VÝŽIVA"
      ],
      "prices": [
        {
          "store_name": "Albert",
          "price": 17.5,
          "original_price": null,
          "unit_price": 194.44,
          "unit": "Kg",
          "package_size": "90 g",
          "condition": null
        }
      ],
      "description": null
    },
    {
      "name": "Hollandia Selský jogurt bílý s kulturou BiFi",
      "brand": "Hollandia",
      "product_url": "https://wolt.com/cs/cze/prague/venue/albert-vinohradska/hollandia-selsky-jogurt-bily-s-kulturou-bifi-itemid-64ca0b7cba162577de4883ff",
      "image_url": "https://imageproxy.wolt.com/menu/menu-images/63ad795db242366d1f818f36/38f517c2-1c04-11ef-96fb-7a1bd3e5ad91_23498037.jpg",
      "categories": [
        "MLÉČNÉ A CHLAZENÉ",
        "JOGURTY A DEZERTY"
      ],
      "prices": [
        {
          "store_name": "Albert",
          "price": 21.9,
          "original_price": null,
          "unit_price": 109.5,
          "unit": "Kg",
          "package_size": "200 g",
          "condition": null
        }
      ],
      "description": null
    },
    {
      "name": "Dupetky Černý & bílý sezam",
      "brand": "Dupetky",
      "product_url": "https://wolt.com/cs/cze/prague/venue/albert-vinohradska/dupetky-cerny-bily-sezam-itemid-64ca0b7cba162577de4896a0",
      "image_url": "https://imageproxy.wolt.com/menu/menu-images/64ffec4406cca0140dfab831/48b674fc-8ebb-11ee-96e2-cae320ae1b7e_26759647.jpg",
      "categories": [
        "TRVANLIVÉ",
        "SLANÉ"
      ],
      "prices": [
        {
          "store_name": "Albert",
          "price": 24.9,
          "original_price": null,
          "unit_price": 311.25,
          "unit": "Kg",
          "package_size": "80 g",
          "condition": null
        }
      ],
      "description": null
    },
    {
      "name": "Čokorolka",
      "brand": "Čokorolka",
      "product_url": "https://wolt.com/cs/cze/prague/venue/albert-vinohradska/cokorolka-itemid-64ca0b7cba162577de4884cf",
      "image_url": "https://imageproxy.wolt.com/menu/menu-images/64ffec4406cca0140dfab831/a2632f30-8eb7-11ee-a5d1-1e9e4c6f0bda_25969108.jpg",
      "categories": [
        "PEKÁRNA A CUKRÁRNA",
        "SLADKÉ PEČIVO VOLNÉ"
      ],
      "prices": [
        {
          "store_name": "Albert",
          "price": 16.9,
          "original_price": null,
          "unit_price": 260.0,
          "unit": "Kg",
          "package_size": "65 g",
          "condition": null
        }
      ],
      "description": null
    },
    {
      "name": "Bohemia Sekt Chardonnay Brut",
      "brand": "Bohemia",
      "product_url": "https://wolt.com/cs/cze/prague/venue/albert-vinohradska/bohemia-sekt-chardonnay-brut-itemid-64ca0b7cba162577de489bd4",
      "image_url": "https://imageproxy.wolt.com/menu/menu-images/64ffec4406cca0140dfab831/aaed8c70-8eb4-11ee-850e-4ac825cfc539_25380835.jpg",
      "categories": [
        "NÁPOJE",
        "VÍNA"
      ],
      "prices": [
        {
          "store_name": "Albert",
          "price": 199.0,
          "original_price": null,
          "unit_price": 265.33,
          "unit": "l",
          "package_size": "750 ml, 11,5% alc",
          "condition": "18+"
        }
      ],
      "description": null
    },
    {
      "name": "Sunar rozpustný nápoj jahodový",
      "brand": "Sunar",
      "product_url": "https://wolt.com/cs/cze/prague/venue/albert-vinohradska/sunar-rozpustny-napoj-jahodovy-itemid-64ca0b7cba162577de48a216",
      "image_url": "https://imageproxy.wolt.com/menu/menu-images/64ffec4406cca0140dfab831/094c66ee-8ebd-11ee-bb00-faffdc4b9b96_26897110.jpg",
      "categories": [
        "DÍTĚ",
        "VÝŽIVA"
      ],
      "prices": [
        {
          "store_name": "Albert",
          "price": 79.9,
          "original_price": null,
          "unit_price": 399.5,
          "unit": "Kg",
          "package_size": "200 g",
          "condition": null
        }
      ],
      "description": null
    },
    {
      "name": "Linteo Baby Vlhčené ubrousky",
      "brand": "Linteo",
      "product_url": "https://wolt.com/cs/cze/prague/venue/albert-vinohradska/linteo-baby-vlhcene-ubrousky-itemid-64ca0b7cba162577de4884a1",
      "image_url": "https://imageproxy.wolt.com/menu/menu-images/64ffec4406cca0140dfab831/24104204-8eb6-11ee-a2ba-eadf6ce36c9d_25695977.jpg",
      "categories": [
        "DÍTĚ",
        "VLHČENÉ UBROUSKY"
      ],
      "prices": [
        {
          "store_name": "Albert",
          "price": 28.9,
          "original_price": null,
          "unit_price": 0.36,
          "unit": "ks",
          "package_size": "‪80‬ kusů",
          "condition": null
        }
      ],
      "description": null
    },
    {
      "name": "Orion Granko instantní kakaový nápoj",
      "brand": "Orion",
      "product_url": "https://wolt.com/cs/cze/prague/venue/albert-vinohradska/orion-granko-instantni-kakaovy-napoj-itemid-64ca0b7cba162577de489064",
      "image_url": "https://imageproxy.wolt.com/menu/menu-images/63ad795db242366d1f818f36/f40bc6ea-377b-11ef-bdb0-6e72121eaa04_27622902.jpg",
      "categories": [
        "TRVANLIVÉ",
        "PEČENÍ A VAŘENÍ"
      ],
      "prices": [
        {
          "store_name": "Albert",
          "price": 174.0,
          "original_price": null,
          "unit_price": 435.0,
          "unit": "Kg",
          "package_size": "400 g",
          "condition": null
        }
      ],
      "description": null
    },
    {
      "name": "Giana Okurky 6-9 cm",
      "brand": "Giana",
      "product_url": "https://wolt.com/cs/cze/prague/venue/albert-vinohradska/giana-okurky-6-9-cm-itemid-651c865104aa154a3886e447",
      "image_url": "https://imageproxy.wolt.com/menu/menu-images/64ffec4406cca0140dfab831/da6fc8ec-8eb3-11ee-99a2-0208801a60c2_25159257.jpg",
      "categories": [
        "TRVANLIVÉ",
        "KONZERVOVANÉ POTR."
      ],
      "prices": [
        {
          "store_name": "Albert",
          "price": 54.9,
          "original_price": null,
          "unit_price": 152.5,
          "unit": "Kg",
          "package_size": "360 g",
          "condition": null
        }
      ],
      "description": null
    },
    {
      "name": "Bref Spa Moments Serenity WC blok",
      "brand": "Bref",
      "product_url": "https://wolt.com/cs/cze/prague/venue/albert-vinohradska/bref-spa-moments-serenity-wc-blok-itemid-657233256818b938df948031",
      "image_url": "https://imageproxy.wolt.com/menu/menu-images/64ffec4406cca0140dfab831/f9728a18-8ebd-11ee-ac8e-96535512cf58_26980225.jpg",
      "categories": [
        "DROGERIE A KOSMETIKA",
        "ČISTÍCÍ PROSTŘEDKY"
      ],
      "prices": [
        {
          "store_name": "Albert",
          "price": null,
          "original_price": null,
          "unit_price": 466.0,
          "unit": "Kg",
          "package_size": "150 g",
          "condition": "Sleva"
        }
      ],
      "description": null
    },
    {
      "name": "Albert Excellent Tapas Spianta Romana",
      "brand": "Albert Excellent",
      "product_url": "https://wolt.com/cs/cze/prague/venue/albert-vinohradska/albert-excellent-tapas-spianta-romana-itemid-64ca0b7cba162577de489aeb",
      "image_url": "https://imageproxy.wolt.com/menu/menu-images/63ad795db242366d1f818f36/958ec858-8e26-11f0-a4c1-da2df9998d87_27643747.jpg",
      "categories": [
        "UZENINY A LAHŮDKY",
        "TAPAS"
      ],
      "prices": [
        {
          "store_name": "Albert",
          "price": 79.0,
          "original_price": null,
          "unit_price": 1128.57,
          "unit": "Kg",
          "package_size": "70 g",
          "condition": "Vyprodáno"
        }
      ],
      "description": null
    },
    {
      "name": "Ehrmann Grand Dessert (mix)",
      "brand": "Ehrmann",
      "product_url": "https://wolt.com/cs/cze/prague/venue/albert-vinohradska/ehrmann-grand-dessert-mix-itemid-657233256818b938df948754",
      "image_url": "https://imageproxy.wolt.com/menu/menu-images/64ffec4406cca0140dfab831/30865f9a-8eb7-11ee-8dc8-1627932f216d_25906691.jpg",
      "categories": [
        "MLÉČNÉ A CHLAZENÉ",
        "JOGURTY A DEZERTY"
      ],
      "prices": [
        {
          "store_name": "Albert",
          "price": null,
          "original_price": null,
          "unit_price": 115.26,
          "unit": "Kg",
          "package_size": "190 g",
          "condition": "Sleva"
        }
      ],
      "description": null
    },
    {
      "name": "Madeta Primátor 45% plátky",
      "brand": "Madeta",
      "product_url": "https://wolt.com/cs/cze/prague/venue/albert-vinohradska/madeta-primator-45-platky-itemid-64ca0b7cba162577de48960f",
      "image_url": "https://imageproxy.wolt.com/menu/menu-images/64ffec4406cca0140dfab831/ac128fa0-8eb0-11ee-8d7a-b287692f5450_23925427.jpg",
      "categories": [
        "MLÉČNÉ A CHLAZENÉ",
        "SÝRY"
      ],
      "prices": [
        {
          "store_name": "Albert",
          "price": 38.9,
          "original_price": null,
          "unit_price": 389.0,
          "unit": "Kg",
          "package_size": "100 g",
          "condition": null
        }
      ],
      "description": null
    },
    {
      "name": "Chilly Delicate Gel pro intimní hygienu",
      "brand": "Chilly",
      "product_url": "https://wolt.com/cs/cze/prague/venue/albert-vinohradska/chilly-delicate-gel-pro-intimni-hygienu-itemid-64ca0b7cba162577de489d1f",
      "image_url": "https://imageproxy.wolt.com/menu/menu-images/64ffec4406cca0140dfab831/22d90c88-8eb4-11ee-982c-7217cc85b990_25248357.jpg",
      "categories": [
        "DROGERIE A KOSMETIKA",
        "MÝDLA A GELY"
      ],
      "prices": [
        {
          "store_name": "Albert",
          "price": null,
          "original_price": null,
          "unit_price": 399.5,
          "unit": "l",
          "package_size": "200 ml",
          "condition": "Sleva"
        }
      ],
      "description": null
    },
    {
      "name": "Kinder Surprise vejce s překvapením",
      "brand": "Kinder",
      "product_url": "https://wolt.com/cs/cze/prague/venue/albert-vinohradska/kinder-surprise-vejce-s-prekvapenim-itemid-651c84b84cc209c0e71d9fb8",
      "image_url": "https://imageproxy.wolt.com/menu/menu-images/63ad795db242366d1f818f36/a4512d96-bbe4-11ef-978a-fe4b6e33d32f_20301460.jpg",
      "categories": [
        "TRVANLIVÉ",
        "SLADKOSTI"
      ],
      "prices": [
        {
          "store_name": "Albert",
          "price": 39.9,
          "original_price": null,
          "unit_price": 1995.0,
          "unit": "Kg",
          "package_size": "20 g",
          "condition": null
        }
      ],
      "description": null
    },
    {
      "name": "Dr. Oetker Krtkův dort",
      "brand": "Dr. Oetker",
      "product_url": "https://wolt.com/cs/cze/prague/venue/albert-vinohradska/dr-oetker-krtkuv-dort-itemid-64ca0b7cba162577de489bb9",
      "image_url": "https://imageproxy.wolt.com/menu/menu-images/63ad795db242366d1f818f36/f3eb8610-a8e9-11f0-bf34-0ebae8346adc_22413284.jpg",
      "categories": [
        "TRVANLIVÉ",
        "PEČENÍ A VAŘENÍ"
      ],
      "prices": [
        {
          "store_name": "Albert",
          "price": 99.9,
          "original_price": null,
          "unit_price": 229.66,
          "unit": "Kg",
          "package_size": "435 g",
          "condition": null
        }
      ],
      "description": null
    },
    {
      "name": "Rajčata cherry",
      "brand": "Rajčata",
      "product_url": "https://wolt.com/cs/cze/prague/venue/albert-vinohradska/rajcata-cherry-itemid-657233256818b938df947a9a",
      "image_url": "https://imageproxy.wolt.com/menu/menu-images/64ffec4406cca0140dfab831/46cb3756-8ec3-11ee-a188-62169a0e6c38_27371077.jpg",
      "categories": [
        "OVOCE A ZELENINA",
        "ZELENINA"
      ],
      "prices": [
        {
          "store_name": "Albert",
          "price": null,
          "original_price": null,
          "unit_price": 79.8,
          "unit": "Kg",
          "package_size": "500 g",
          "condition": "Sleva"
        }
      ],
      "description": null
    },
    {
      "name": "Brit premium Kuřecí kapsička pro koťata",
      "brand": "Brit",
      "product_url": "https://wolt.com/cs/cze/prague/venue/albert-vinohradska/brit-premium-kureci-kapsicka-pro-kotata-itemid-660201574582fb560e33d00a",
      "image_url": "https://imageproxy.wolt.com/menu/menu-images/6601c613e48d1c8d95333085/b67edcec-eae4-11ee-8912-36986be9790b_27657577.jpg",
      "categories": [
        "ZVÍŘATA",
        "KOČKY"
      ],
      "prices": [
        {
          "store_name": "Albert",
          "price": 21.9,
          "original_price": null,
          "unit_price": 219.0,
          "unit": "Kg",
          "package_size": "100 g",
          "condition": null
        }
      ],
      "description": null
    },
    {
      "name": "Opavia Fidorka mléčná oříšková",
      "brand": "Opavia",
      "product_url": "https://wolt.com/cs/cze/prague/venue/albert-vinohradska/opavia-fidorka-mlecna-oriskova-itemid-64ca0b7cba162577de48806d",
      "image_url": "https://imageproxy.wolt.com/menu/menu-images/63ad795db242366d1f818f36/0f5f964e-d996-11ef-a4f0-9abaa44f3942_22348852.jpg",
      "categories": [
        "TRVANLIVÉ",
        "SLADKOSTI"
      ],
      "prices": [
        {
          "store_name": "Albert",
          "price": 18.9,
          "original_price": null,
          "unit_price": 630.0,
          "unit": "Kg",
          "package_size": "30 g",
          "condition": null
        }
      ],
      "description": null
    },
    {
      "name": "Zámecké Vinařství Bzenec Sauvignon",
      "brand": "Zámecké",
      "product_url": "https://wolt.com/cs/cze/prague/venue/albert-vinohradska/zamecke-vinarstvi-bzenec-sauvignon-itemid-657233256818b938df948657",
      "image_url": "https://imageproxy.wolt.com/menu/menu-images/63ad795db242366d1f818f36/665cbf3c-e818-11ee-bb47-96de309638ab_27134672.jpg",
      "categories": [
        "NÁPOJE",
        "VÍNA"
      ],
      "prices": [
        {
          "store_name": "Albert",
          "price": 99.9,
          "original_price": null,
          "unit_price": 133.2,
          "unit": "l",
          "package_size": "750 ml, 12% alc",
          "condition": "18+"
        }
      ],
      "description": null
    },
    {
      "name": "Zlatopramen světlý výčepní",
      "brand": "Zlatopramen",
      "product_url": "https://wolt.com/cs/cze/prague/venue/albert-vinohradska/zlatopramen-svetly-vycepni-itemid-64ca0b7cba162577de4894a1",
      "image_url": "https://imageproxy.wolt.com/menu/menu-images/64ffec4406cca0140dfab831/2d54fbf4-8eb9-11ee-9ae7-76d18bdc0849_26374192.jpg",
      "categories": [
        "NÁPOJE",
        "PIVA"
      ],
      "prices": [
        {
          "store_name": "Albert",
          "price": 39.9,
          "original_price": null,
          "unit_price": 19.95,
          "unit": "l",
          "package_size": "2 l, 3,8% alc",
          "condition": "18+"
        }
      ],
      "description": null
    },
    {
      "name": "Philadelphia Original Smetanový sýr",
      "brand": "Philadelphia",
      "product_url": "https://wolt.com/cs/cze/prague/venue/albert-vinohradska/philadelphia-original-smetanovy-syr-itemid-64ca0b7cba162577de4896c2",
      "image_url": "https://imageproxy.wolt.com/menu/menu-images/64ffec4406cca0140dfab831/ef554f88-8eb4-11ee-b43f-c6aa6b123400_25457520.jpg",
      "categories": [
        "MLÉČNÉ A CHLAZENÉ",
        "SÝRY"
      ],
      "prices": [
        {
          "store_name": "Albert",
          "price": 63.9,
          "original_price": null,
          "unit_price": 511.2,
          "unit": "Kg",
          "package_size": "125 g",
          "condition": null
        }
      ],
      "description": null
    },
    {
      "name": "Sommelier Collection Chardonnay",
      "brand": "Sommelier",
      "product_url": "https://wolt.com/cs/cze/prague/venue/albert-vinohradska/sommelier-collection-chardonnay-itemid-657233256818b938df94899b",
      "image_url": "https://imageproxy.wolt.com/menu/menu-images/64ffec4406cca0140dfab831/9dc23ea4-8ec5-11ee-88c4-222205837f4e_27557938.jpg",
      "categories": [
        "NÁPOJE",
        "VÍNA"
      ],
      "prices": [
        {
          "store_name": "Albert",
          "price": 219.0,
          "original_price": null,
          "unit_price": 292.0,
          "unit": "l",
          "package_size": "750 ml, 12,5% alc",
          "condition": "18+"
        }
      ],
      "description": null
    },
    {
      "name": "Robby Bubble Broskev",
      "brand": "Robby",
      "product_url": "https://wolt.com/cs/cze/prague/venue/albert-vinohradska/robby-bubble-broskev-itemid-64ca0b7cba162577de489c78",
      "image_url": "https://imageproxy.wolt.com/menu/menu-images/64ffec4406cca0140dfab831/d9189872-8eac-11ee-bf92-5a1fea813fd4_20331849.jpg",
      "categories": [
        "NÁPOJE",
        "DŽUSY A NEKTARY"
      ],
      "prices": [
        {
          "store_name": "Albert",
          "price": 84.9,
          "original_price": null,
          "unit_price": 113.2,
          "unit": "l",
          "package_size": "750 ml",
          "condition": null
        }
      ],
      "description": null
    },
    {
      "name": "Magnesia Red Jemně perlivá malina",
      "brand": "Magnesia",
      "product_url": "https://wolt.com/cs/cze/prague/venue/albert-vinohradska/magnesia-red-jemne-perliva-malina-itemid-64ca0b7cba162577de4881ff",
      "image_url": "https://imageproxy.wolt.com/menu/menu-images/63ad795db242366d1f818f36/67d31ff0-bbe4-11ef-bded-06aa8b923733_26026381.jpg",
      "categories": [
        "NÁPOJE",
        "VODY A MINERÁLKY"
      ],
      "prices": [
        {
          "store_name": "Albert",
          "price": 24.9,
          "original_price": null,
          "unit_price": 16.6,
          "unit": "l",
          "package_size": "1,5 l",
          "condition": null
        }
      ],
      "description": null
    },
    {
      "name": "Albert Rajčata cherry mix",
      "brand": "Albert",
      "product_url": "https://wolt.com/cs/cze/prague/venue/albert-vinohradska/albert-rajcata-cherry-mix-itemid-657233256818b938df947aa8",
      "image_url": "https://imageproxy.wolt.com/menu/menu-images/64ffec4406cca0140dfab831/82f045c2-8eb0-11ee-8526-1aab45c8976d_23849167.jpg",
      "categories": [
        "OVOCE A ZELENINA",
        "ZELENINA"
      ],
      "prices": [
        {
          "store_name": "Albert",
          "price": 41.9,
          "original_price": null,
          "unit_price": 167.6,
          "unit": "Kg",
          "package_size": "250 g",
          "condition": "Vyprodáno"
        }
      ],
      "description": null
    },
    {
      "name": "Vinofol Terroir Tramín červený",
      "brand": "Vinofol",
      "product_url": "https://wolt.com/cs/cze/prague/venue/albert-vinohradska/vinofol-terroir-tramin-cerveny-itemid-657233256818b938df9487ea",
      "image_url": "https://imageproxy.wolt.com/menu/menu-images/64ffec4406cca0140dfab831/6108866a-8ec7-11ee-8e95-2254ad732fe4_27655924.jpg",
      "categories": [
        "NÁPOJE",
        "VÍNA"
      ],
      "prices": [
        {
          "store_name": "Albert",
          "price": 199.0,
          "original_price": null,
          "unit_price": 265.33,
          "unit": "l",
          "package_size": "750 ml, 13% alc",
          "condition": "18+"
        }
      ],
      "description": null
    },
    {
      "name": "Schär Pausa Ciok Piškot, bez lepku",
      "brand": "Schär",
      "product_url": "https://wolt.com/cs/cze/prague/venue/albert-vinohradska/schar-pausa-ciok-piskot-bez-lepku-itemid-64ca0b7cba162577de489738",
      "image_url": "https://imageproxy.wolt.com/menu/menu-images/64ffec4406cca0140dfab831/1338b75a-8eba-11ee-aa5b-aa70cbf91f77_26561226.jpg",
      "categories": [
        "PEKÁRNA A CUKRÁRNA",
        "RACIO A KNÄCKEBROT"
      ],
      "prices": [
        {
          "store_name": "Albert",
          "price": null,
          "original_price": null,
          "unit_price": 568.57,
          "unit": "Kg",
          "package_size": "35 g",
          "condition": "Sleva"
        }
      ],
      "description": null
    },
    {
      "name": "Fa Men Attraction Force Deodorant sprej",
      "brand": "Fa",
      "product_url": "https://wolt.com/cs/cze/prague/venue/albert-vinohradska/fa-men-attraction-force-deodorant-sprej-itemid-64ca0b7cba162577de489ff2",
      "image_url": "https://imageproxy.wolt.com/menu/menu-images/64ffec4406cca0140dfab831/6cb9410e-8eb6-11ee-8082-c64f1deb8de2_25745450.jpg",
      "categories": [
        "DROGERIE A KOSMETIKA",
        "DEODORANTY"
      ],
      "prices": [
        {
          "store_name": "Albert",
          "price": 69.9,
          "original_price": null,
          "unit_price": 466.0,
          "unit": "l",
          "package_size": "150 ml",
          "condition": null
        }
      ],
      "description": null
    },
    {
      "name": "Opavia Fidorka hořká s oříškovou náplní",
      "brand": "Opavia",
      "product_url": "https://wolt.com/cs/cze/prague/venue/albert-vinohradska/opavia-fidorka-horka-s-oriskovou-naplni-itemid-64ca0b7cba162577de4885f9",
      "image_url": "https://imageproxy.wolt.com/menu/menu-images/63ad795db242366d1f818f36/a4488b1e-bbe4-11ef-bcd8-4e43ade1e19a_20300050.jpg",
      "categories": [
        "TRVANLIVÉ",
        "SLADKOSTI"
      ],
      "prices": [
        {
          "store_name": "Albert",
          "price": 18.9,
          "original_price": null,
          "unit_price": 630.0,
          "unit": "Kg",
          "package_size": "30 g",
          "condition": null
        }
      ],
      "description": null
    },
    {
      "name": "Ehrmann High Protein Mousse (mix)",
      "brand": "Ehrmann",
      "product_url": "https://wolt.com/cs/cze/prague/venue/albert-vinohradska/ehrmann-high-protein-mousse-mix-itemid-657233256818b938df948bce",
      "image_url": "https://imageproxy.wolt.com/menu/menu-images/64ffec4406cca0140dfab831/e988f74e-8ec3-11ee-90a4-0aca939bb6cd_27432129.jpg",
      "categories": [
        "MLÉČNÉ A CHLAZENÉ",
        "JOGURTY A DEZERTY"
      ],
      "prices": [
        {
          "store_name": "Albert",
          "price": 57.9,
          "original_price": null,
          "unit_price": 289.5,
          "unit": "Kg",
          "package_size": "200 g",
          "condition": null
        }
      ],
      "description": null
    },
    {
      "name": "Teekanne Žaludek a střeva bylinná směs",
      "brand": "Teekanne",
      "product_url": "https://wolt.com/cs/cze/prague/venue/albert-vinohradska/teekanne-zaludek-a-streva-bylinna-smes-itemid-64ca0b7cba162577de4897ad",
      "image_url": "https://imageproxy.wolt.com/menu/menu-images/64ffec4406cca0140dfab831/29f8ef12-8ead-11ee-9dd8-1240326ac0c2_20679811.jpg",
      "categories": [
        "NÁPOJE",
        "KÁVA A ČAJ"
      ],
      "prices": [
        {
          "store_name": "Albert",
          "price": 47.9,
          "original_price": null,
          "unit_price": 2395.0,
          "unit": "Kg",
          "package_size": "20 g",
          "condition": null
        }
      ],
      "description": null
    },
    {
      "name": "Perla Bio Aroma instantní káva",
      "brand": "Perla",
      "product_url": "https://wolt.com/cs/cze/prague/venue/albert-vinohradska/perla-bio-aroma-instantni-kava-itemid-64ca0b7cba162577de489aa5",
      "image_url": "https://imageproxy.wolt.com/menu/menu-images/63ad795db242366d1f818f36/22624a72-bbe4-11ef-9e3f-6af1b2e0b29c_27392331.jpg",
      "categories": [
        "NÁPOJE",
        "KÁVA A ČAJ"
      ],
      "prices": [
        {
          "store_name": "Albert",
          "price": null,
          "original_price": null,
          "unit_price": 999.0,
          "unit": "Kg",
          "package_size": "100 g",
          "condition": "Sleva"
        }
      ],
      "description": null
    },
    {
      "name": "Fa sprchový gel Coconut Milk",
      "brand": "Fa",
      "product_url": "https://wolt.com/cs/cze/prague/venue/albert-vinohradska/fa-sprchovy-gel-coconut-milk-itemid-64ca0b7cba162577de488ea7",
      "image_url": "https://imageproxy.wolt.com/menu/menu-images/64ffec4406cca0140dfab831/d56d94ea-8eb9-11ee-86d1-e6fbf8d3c3b0_26512709.jpg",
      "categories": [
        "DROGERIE A KOSMETIKA",
        "MÝDLA A GELY"
      ],
      "prices": [
        {
          "store_name": "Albert",
          "price": 79.9,
          "original_price": null,
          "unit_price": 199.75,
          "unit": "l",
          "package_size": "400 ml",
          "condition": null
        }
      ],
      "description": null
    },
    {
      "name": "Albert Excellent Paprika sladká mix",
      "brand": "Albert Excellent",
      "product_url": "https://wolt.com/cs/cze/prague/venue/albert-vinohradska/albert-excellent-paprika-sladka-mix-itemid-6601feb1bc987a329494edfd",
      "image_url": "https://imageproxy.wolt.com/menu/menu-images/6601c613e48d1c8d95333085/786455ec-eae2-11ee-8aa6-26602bd55ff2_24391078.jpg",
      "categories": [
        "TRVANLIVÉ",
        "KOŘENÍ A OCHUCOVADLA"
      ],
      "prices": [
        {
          "store_name": "Albert",
          "price": 64.9,
          "original_price": null,
          "unit_price": 21.63,
          "unit": "ks",
          "package_size": "‪3‬ kusů",
          "condition": null
        }
      ],
      "description": null
    },
    {
      "name": "Ariel Prací tablety Color Fresh",
      "brand": "Ariel",
      "product_url": "https://wolt.com/cs/cze/prague/venue/albert-vinohradska/ariel-praci-tablety-color-fresh-itemid-64ca0b7cba162577de489d68",
      "image_url": "https://imageproxy.wolt.com/menu/menu-images/64ffec4406cca0140dfab831/0a03304c-8eb6-11ee-9217-b6077702759d_25680294.jpg",
      "categories": [
        "DROGERIE A KOSMETIKA",
        "PRACÍ PROSTŘEDKY"
      ],
      "prices": [
        {
          "store_name": "Albert",
          "price": 349.0,
          "original_price": null,
          "unit_price": 7.93,
          "unit": "ks",
          "package_size": "‪44‬ kusů",
          "condition": null
        }
      ],
      "description": null
    },
    {
      "name": "Velkopopovický Kozel 10 světlé výčepní multipack",
      "brand": "Velkopopovický Kozel",
      "product_url": "https://wolt.com/cs/cze/prague/venue/albert-vinohradska/velkopopovicky-kozel-10-svetle-vycepni-multipack-itemid-64ca0b7cba162577de4891b4",
      "image_url": "https://imageproxy.wolt.com/menu/menu-images/63ad795db242366d1f818f36/e22d2b70-ed43-11ef-959c-2af56c52901c_25367331.jpg",
      "categories": [
        "NÁPOJE",
        "PIVA"
      ],
      "prices": [
        {
          "store_name": "Albert",
          "price": 135.0,
          "original_price": null,
          "unit_price": 45.0,
          "unit": "l",
          "package_size": "3 l, 4% alc",
          "condition": "18+"
        }
      ],
      "description": null
    },
    {
      "name": "Opavia BeBe Dobré ráno oříškové s medem",
      "brand": "Opavia",
      "product_url": "https://wolt.com/cs/cze/prague/venue/albert-vinohradska/opavia-bebe-dobre-rano-oriskove-s-medem-itemid-64ca0b7cba162577de4887cb",
      "image_url": "https://imageproxy.wolt.com/menu/menu-images/63ad795db242366d1f818f36/b82ed5d0-ed43-11ef-b4d0-baf0befa6561_22026927.jpg",
      "categories": [
        "TRVANLIVÉ",
        "SLADKOSTI"
      ],
      "prices": [
        {
          "store_name": "Albert",
          "price": null,
          "original_price": null,
          "unit_price": 238.0,
          "unit": "Kg",
          "package_size": "50 g",
          "condition": "Sleva"
        }
      ],
      "description": null
    },
    {
      "name": "Gustona Sterilované okurky",
      "brand": "Gustona",
      "product_url": "https://wolt.com/cs/cze/prague/venue/albert-vinohradska/gustona-sterilovane-okurky-itemid-64ca0b7cba162577de488705",
      "image_url": "https://imageproxy.wolt.com/menu/menu-images/64ffec4406cca0140dfab831/7a421dde-8eaf-11ee-aa87-7a8430ea266b_23329928.jpg",
      "categories": [
        "TRVANLIVÉ",
        "KONZERVOVANÉ POTR."
      ],
      "prices": [
        {
          "store_name": "Albert",
          "price": 34.9,
          "original_price": null,
          "unit_price": 99.71,
          "unit": "Kg",
          "package_size": "350 g",
          "condition": null
        }
      ],
      "description": null
    },
    {
      "name": "Pickwick Meduňka",
      "brand": "Pickwick",
      "product_url": "https://wolt.com/cs/cze/prague/venue/albert-vinohradska/pickwick-medunka-itemid-64ca0b7cba162577de48a164",
      "image_url": "https://imageproxy.wolt.com/menu/menu-images/64ffec4406cca0140dfab831/73d858e4-8eb6-11ee-987d-325d7328b531_25753042.jpg",
      "categories": [
        "NÁPOJE",
        "KÁVA A ČAJ"
      ],
      "prices": [
        {
          "store_name": "Albert",
          "price": 45.9,
          "original_price": null,
          "unit_price": 1530.0,
          "unit": "Kg",
          "package_size": "30 g",
          "condition": null
        }
      ],
      "description": null
    },
    {
      "name": "Olma Florian Smetanový jogurt lesní směs",
      "brand": "Olma",
      "product_url": "https://wolt.com/cs/cze/prague/venue/albert-vinohradska/olma-florian-smetanovy-jogurt-lesni-smes-itemid-657233256818b938df948644",
      "image_url": "https://imageproxy.wolt.com/menu/menu-images/64ffec4406cca0140dfab831/22c3236c-8eac-11ee-a1eb-2a31a2186d9b_20295653.jpg",
      "categories": [
        "MLÉČNÉ A CHLAZENÉ",
        "JOGURTY A DEZERTY"
      ],
      "prices": [
        {
          "store_name": "Albert",
          "price": null,
          "original_price": null,
          "unit_price": 66.0,
          "unit": "Kg",
          "package_size": "150 g",
          "condition": "Sleva"
        }
      ],
      "description": null
    },
    {
      "name": "Albert Paštika s pečeným masem",
      "brand": "Albert",
      "product_url": "https://wolt.com/cs/cze/prague/venue/albert-vinohradska/albert-pastika-s-pecenym-masem-itemid-657233256818b938df947824",
      "image_url": "https://imageproxy.wolt.com/menu/menu-images/64ffec4406cca0140dfab831/2da83b68-8ec1-11ee-a704-a2846f3734b2_27220030.jpg",
      "categories": [
        "UZENINY A LAHŮDKY",
        "PAŠTIKY"
      ],
      "prices": [
        {
          "store_name": "Albert",
          "price": 23.9,
          "original_price": null,
          "unit_price": 159.33,
          "unit": "Kg",
          "package_size": "150 g",
          "condition": null
        }
      ],
      "description": null
    },
    {
      "name": "Carte d'Or Salted Caramel",
      "brand": "Carte",
      "product_url": "https://wolt.com/cs/cze/prague/venue/albert-vinohradska/carte-d-or-salted-caramel-itemid-6876153a0c6218e9f3e5f448",
      "image_url": "https://imageproxy.wolt.com/menu/menu-images/64b62ec5e5ab70cdc92e30f0/26df2424-782e-11f0-9487-16781aade714_27251768.jpg",
      "categories": [
        "MRAŽENÉ POTRAVINY",
        "ZMRZLINA A NANUKY"
      ],
      "prices": [
        {
          "store_name": "Albert",
          "price": 99.9,
          "original_price": null,
          "unit_price": 99.9,
          "unit": "l",
          "package_size": "1 l",
          "condition": null
        }
      ],
      "description": null
    },
    {
      "name": "Mionetto Prosecco Treviso Brut",
      "brand": "Mionetto",
      "product_url": "https://wolt.com/cs/cze/prague/venue/albert-vinohradska/mionetto-prosecco-treviso-brut-itemid-64ca0b7cba162577de4897b6",
      "image_url": "https://imageproxy.wolt.com/menu/menu-images/64ffec4406cca0140dfab831/6d76728c-8eb7-11ee-b43f-c6aa6b123400_25931921.jpg",
      "categories": [
        "NÁPOJE",
        "VÍNA"
      ],
      "prices": [
        {
          "store_name": "Albert",
          "price": 189.0,
          "original_price": null,
          "unit_price": 252.0,
          "unit": "l",
          "package_size": "750 ml, 11% alc",
          "condition": "18+"
        }
      ],
      "description": null
    },
    {
      "name": "Albert Plněné trubičky oříškové",
      "brand": "Albert",
      "product_url": "https://wolt.com/cs/cze/prague/venue/albert-vinohradska/albert-plnene-trubicky-oriskove-itemid-64ca0b7cba162577de4886e3",
      "image_url": "https://imageproxy.wolt.com/menu/menu-images/64ffec4406cca0140dfab831/9486d880-8eb2-11ee-a43e-16e6bf59122a_24837149.jpg",
      "categories": [
        "TRVANLIVÉ",
        "SLADKOSTI"
      ],
      "prices": [
        {
          "store_name": "Albert",
          "price": 39.9,
          "original_price": null,
          "unit_price": 199.5,
          "unit": "Kg",
          "package_size": "200 g",
          "condition": null
        }
      ],
      "description": null
    },
    {
      "name": "Madeta Madeland light 30% plátky",
      "brand": "Madeta",
      "product_url": "https://wolt.com/cs/cze/prague/venue/albert-vinohradska/madeta-madeland-light-30-platky-itemid-64ca0b7cba162577de4880ab",
      "image_url": "https://imageproxy.wolt.com/menu/menu-images/64ffec4406cca0140dfab831/02ebf502-8ebe-11ee-9891-fea1896da317_26982786.jpg",
      "categories": [
        "MLÉČNÉ A CHLAZENÉ",
        "SÝRY"
      ],
      "prices": [
        {
          "store_name": "Albert",
          "price": null,
          "original_price": null,
          "unit_price": 289.0,
          "unit": "Kg",
          "package_size": "100 g",
          "condition": "Sleva"
        }
      ],
      "description": null
    },
    {
      "name": "Albert Excellent Gouda mladá 48%",
      "brand": "Albert Excellent",
      "product_url": "https://wolt.com/cs/cze/prague/venue/albert-vinohradska/albert-excellent-gouda-mlada-48-itemid-657233256818b938df948704",
      "image_url": "https://imageproxy.wolt.com/menu/menu-images/63ad795db242366d1f818f36/64e00222-bbe4-11ef-b2cf-f26a16068083_26058566.jpg",
      "categories": [
        "MLÉČNÉ A CHLAZENÉ",
        "SÝRY"
      ],
      "prices": [
        {
          "store_name": "Albert",
          "price": 53.06,
          "original_price": null,
          "unit_price": null,
          "unit": null,
          "package_size": null,
          "condition": "Vyprodáno"
        }
      ],
      "description": null
    },
    {
      "name": "Davidoff Espresso 57 Intense zrnková káva",
      "brand": "Davidoff",
      "product_url": "https://wolt.com/cs/cze/prague/venue/albert-vinohradska/davidoff-espresso-57-intense-zrnkova-kava-itemid-64ca0b7cba162577de489c5b",
      "image_url": "https://imageproxy.wolt.com/menu/menu-images/64ffec4406cca0140dfab831/64497282-8eb1-11ee-9669-e6fbf8d3c3b0_24344876.jpg",
      "categories": [
        "NÁPOJE",
        "KÁVA A ČAJ"
      ],
      "prices": [
        {
          "store_name": "Albert",
          "price": 499.0,
          "original_price": null,
          "unit_price": 998.0,
          "unit": "Kg",
          "package_size": "500 g",
          "condition": null
        }
      ],
      "description": null
    },
    {
      "name": "Birell Active Citrus mix a guarana s kofeinem",
      "brand": "Birell",
      "product_url": "https://wolt.com/cs/cze/prague/venue/albert-vinohradska/birell-active-citrus-mix-a-guarana-s-kofeinem-itemid-66020e62c315873ee3a19401",
      "image_url": "https://imageproxy.wolt.com/menu/menu-images/63ad795db242366d1f818f36/427bb2a0-26ff-11ef-be87-5627070c654a_27852071.jpg",
      "categories": [
        "NÁPOJE",
        "PIVA"
      ],
      "prices": [
        {
          "store_name": "Albert",
          "price": 24.9,
          "original_price": null,
          "unit_price": 49.8,
          "unit": "l",
          "package_size": "500 ml, 0,4% alc",
          "condition": null
        }
      ],
      "description": null
    },
    {
      "name": "Albert Excellent Tapas špízy Yakitori",
      "brand": "Albert Excellent",
      "product_url": "https://wolt.com/cs/cze/prague/venue/albert-vinohradska/albert-excellent-tapas-spizy-yakitori-itemid-64ca0b7cba162577de489a93",
      "image_url": "https://imageproxy.wolt.com/menu/menu-images/6745ec28c3b7723db3588430/61f8ef54-eb01-11f0-aebe-d66117b68958_27705070.jpg",
      "categories": [
        "UZENINY A LAHŮDKY",
        "TAPAS"
      ],
      "prices": [
        {
          "store_name": "Albert",
          "price": 89.0,
          "original_price": null,
          "unit_price": 773.91,
          "unit": "Kg",
          "package_size": "115 g",
          "condition": "Vyprodáno"
        }
      ],
      "description": null
    },
    {
      "name": "Olma Florian jogurt s kousky meruněk",
      "brand": "Olma",
      "product_url": "https://wolt.com/cs/cze/prague/venue/albert-vinohradska/olma-florian-jogurt-s-kousky-merunek-itemid-64ca0b7cba162577de4890f8",
      "image_url": "https://imageproxy.wolt.com/menu/menu-images/64ffec4406cca0140dfab831/88aecefe-8eb3-11ee-a0ec-fe2992cf6bd0_25057249.jpg",
      "categories": [
        "MLÉČNÉ A CHLAZENÉ",
        "JOGURTY A DEZERTY"
      ],
      "prices": [
        {
          "store_name": "Albert",
          "price": 15.9,
          "original_price": null,
          "unit_price": 106.0,
          "unit": "Kg",
          "package_size": "150 g",
          "condition": null
        }
      ],
      "description": null
    },
    {
      "name": "Solsanka Sůl mořská s jódem a fluorem",
      "brand": "Solsanka",
      "product_url": "https://wolt.com/cs/cze/prague/venue/albert-vinohradska/solsanka-sul-morska-s-jodem-a-fluorem-itemid-64ca0b7cba162577de489468",
      "image_url": "https://imageproxy.wolt.com/menu/menu-images/64ffec4406cca0140dfab831/56aa6ba4-8eb1-11ee-bf74-02d10f7fce64_24324342.jpg",
      "categories": [
        "TRVANLIVÉ",
        "KOŘENÍ A OCHUCOVADLA"
      ],
      "prices": [
        {
          "store_name": "Albert",
          "price": 29.9,
          "original_price": null,
          "unit_price": 29.9,
          "unit": "Kg",
          "package_size": "1 kg",
          "condition": null
        }
      ],
      "description": null
    },
    {
      "name": "Solen Papita s mléčným krémem",
      "brand": "Solen",
      "product_url": "https://wolt.com/cs/cze/prague/venue/albert-vinohradska/solen-papita-s-mlecnym-kremem-itemid-6601eef2f1df377369a7bc9e",
      "image_url": "https://imageproxy.wolt.com/menu/menu-images/6601c613e48d1c8d95333085/2dfc3f0e-eae4-11ee-b1d1-c6ec51218b94_27461518.jpg",
      "categories": [
        "TRVANLIVÉ",
        "SLADKOSTI"
      ],
      "prices": [
        {
          "store_name": "Albert",
          "price": 10.9,
          "original_price": null,
          "unit_price": 330.3,
          "unit": "Kg",
          "package_size": "33 g",
          "condition": null
        }
      ],
      "description": null
    },
    {
      "name": "Albert Gouda bloček",
      "brand": "Albert",
      "product_url": "https://wolt.com/cs/cze/prague/venue/albert-vinohradska/albert-gouda-blocek-itemid-64ca0b7cba162577de48867b",
      "image_url": "https://imageproxy.wolt.com/menu/menu-images/64ffec4406cca0140dfab831/02ed68b0-8ebe-11ee-9fb3-024d5631d362_26982762.jpg",
      "categories": [
        "MLÉČNÉ A CHLAZENÉ",
        "SÝRY"
      ],
      "prices": [
        {
          "store_name": "Albert",
          "price": 59.9,
          "original_price": null,
          "unit_price": 299.5,
          "unit": "Kg",
          "package_size": "200 g",
          "condition": null
        }
      ],
      "description": null
    },
    {
      "name": "Corny BIG cereální tyčinka mléčná čokoláda",
      "brand": "Corny",
      "product_url": "https://wolt.com/cs/cze/prague/venue/albert-vinohradska/corny-big-cerealni-tycinka-mlecna-cokolada-itemid-64ca0b7cba162577de488bd7",
      "image_url": "https://imageproxy.wolt.com/menu/menu-images/64ffec4406cca0140dfab831/d365aa2c-8f48-11ee-b2f0-56ae92df0b06_21459054.jpg",
      "categories": [
        "TRVANLIVÉ",
        "MÜSLI A CEREÁLIE"
      ],
      "prices": [
        {
          "store_name": "Albert",
          "price": null,
          "original_price": null,
          "unit_price": 318.0,
          "unit": "Kg",
          "package_size": "50 g",
          "condition": "Sleva"
        }
      ],
      "description": null
    },
    {
      "name": "Česká chuť Pomazánka se sušenými rajčaty",
      "brand": "Česká chuť",
      "product_url": "https://wolt.com/cs/cze/prague/venue/albert-vinohradska/ceska-chut-pomazanka-se-susenymi-rajcaty-itemid-64ca0b7cba162577de48995d",
      "image_url": "https://imageproxy.wolt.com/menu/menu-images/63ad795db242366d1f818f36/a71c650a-5efa-11ef-8cbb-da1e2264da0d_26830568.jpg",
      "categories": [
        "UZENINY A LAHŮDKY",
        "SALÁTY A POMAZÁNKY"
      ],
      "prices": [
        {
          "store_name": "Albert",
          "price": null,
          "original_price": null,
          "unit_price": 196.67,
          "unit": "Kg",
          "package_size": "150 g",
          "condition": "Sleva"
        }
      ],
      "description": null
    },
    {
      "name": "Chateau Valtice Ryzlink rýnský",
      "brand": "Chateau",
      "product_url": "https://wolt.com/cs/cze/prague/venue/albert-vinohradska/chateau-valtice-ryzlink-rynsky-itemid-657233256818b938df947ef9",
      "image_url": "https://imageproxy.wolt.com/menu/menu-images/64ffec4406cca0140dfab831/40c07120-8ead-11ee-8f7f-fe16b6783abc_20717575.jpg",
      "categories": [
        "NÁPOJE",
        "VÍNA"
      ],
      "prices": [
        {
          "store_name": "Albert",
          "price": 109.9,
          "original_price": null,
          "unit_price": 146.53,
          "unit": "l",
          "package_size": "750 ml, 12% alc",
          "condition": "18+"
        }
      ],
      "description": null
    },
    {
      "name": "Amundsen Vodka 37,5%",
      "brand": "Amundsen",
      "product_url": "https://wolt.com/cs/cze/prague/venue/albert-vinohradska/amundsen-vodka-37-5-itemid-64ca0b7cba162577de489d7d",
      "image_url": "https://imageproxy.wolt.com/menu/menu-images/64ffec4406cca0140dfab831/3320c7d0-8eae-11ee-8d16-ca969f421442_22019790.jpg",
      "categories": [
        "NÁPOJE",
        "LIHOVINY"
      ],
      "prices": [
        {
          "store_name": "Albert",
          "price": 159.0,
          "original_price": null,
          "unit_price": 318.0,
          "unit": "l",
          "package_size": "500 ml, 37,5% alc",
          "condition": "18+"
        }
      ],
      "description": null
    },
    {
      "name": "Kuřecí srdce",
      "brand": null,
      "product_url": "https://wolt.com/cs/cze/prague/venue/albert-vinohradska/kureci-srdce-itemid-657233256818b938df947add",
      "image_url": "https://imageproxy.wolt.com/menu/menu-images/64ffec4406cca0140dfab831/f8d1326c-8ec2-11ee-a34f-6e71a63f1558_27341537.jpg",
      "categories": [
        "MASO A RYBY",
        "DRŮBEŽ"
      ],
      "prices": [
        {
          "store_name": "Albert",
          "price": 49.9,
          "original_price": null,
          "unit_price": 124.75,
          "unit": "Kg",
          "package_size": "400 g",
          "condition": "Vyprodáno"
        }
      ],
      "description": null
    },
    {
      "name": "Odkolek Chléb Slovanský brambůrek, krájený",
      "brand": "Odkolek",
      "product_url": "https://wolt.com/cs/cze/prague/venue/albert-vinohradska/odkolek-chleb-slovansky-bramburek-krajeny-itemid-64ca0b7cba162577de4893d1",
      "image_url": "https://imageproxy.wolt.com/menu/menu-images/64ffec4406cca0140dfab831/47969814-8ec9-11ee-b149-8aa138b0fb4c_27745663.jpg",
      "categories": [
        "PEKÁRNA A CUKRÁRNA",
        "CHLÉB BALENÝ"
      ],
      "prices": [
        {
          "store_name": "Albert",
          "price": 39.9,
          "original_price": null,
          "unit_price": 99.75,
          "unit": "Kg",
          "package_size": "400 g",
          "condition": null
        }
      ],
      "description": null
    },
    {
      "name": "Nature's Promise Kaše chia s borůvkami",
      "brand": "Nature's Promise",
      "product_url": "https://wolt.com/cs/cze/prague/venue/albert-vinohradska/nature-s-promise-kase-chia-s-boruvkami-itemid-64ca0b7cba162577de488e11",
      "image_url": "https://imageproxy.wolt.com/menu/menu-images/64ffec4406cca0140dfab831/055b87d6-8ebd-11ee-b90e-6e81ffaa4982_26896939.jpg",
      "categories": [
        "TRVANLIVÉ",
        "MÜSLI A CEREÁLIE"
      ],
      "prices": [
        {
          "store_name": "Albert",
          "price": 15.9,
          "original_price": null,
          "unit_price": 244.62,
          "unit": "Kg",
          "package_size": "65 g",
          "condition": "Vyprodáno"
        }
      ],
      "description": null
    },
    {
      "name": "Jaroměřický tvaroh tvrdý na strouhání",
      "brand": "Jaroměřický",
      "product_url": "https://wolt.com/cs/cze/prague/venue/albert-vinohradska/jaromericky-tvaroh-tvrdy-na-strouhani-itemid-64ca0b7cba162577de489167",
      "image_url": "https://imageproxy.wolt.com/menu/menu-images/64ffec4406cca0140dfab831/afa8aeea-8eb7-11ee-9c67-36180384687e_26020082.jpg",
      "categories": [
        "MLÉČNÉ A CHLAZENÉ",
        "TVAROHY"
      ],
      "prices": [
        {
          "store_name": "Albert",
          "price": 47.9,
          "original_price": null,
          "unit_price": 239.5,
          "unit": "Kg",
          "package_size": "200 g",
          "condition": null
        }
      ],
      "description": null
    },
    {
      "name": "Sýr pr.emmental 45% pl 45% plátky",
      "brand": null,
      "product_url": "https://wolt.com/cs/cze/prague/venue/albert-vinohradska/syr-pr-emmental-45-pl-45-platky-itemid-64ca0b7cba162577de48921a",
      "image_url": "https://imageproxy.wolt.com/menu/menu-images/64ffec4406cca0140dfab831/ef4c915e-8eb4-11ee-8589-8e381a14ed80_25457629.jpg",
      "categories": [
        "MLÉČNÉ A CHLAZENÉ",
        "SÝRY"
      ],
      "prices": [
        {
          "store_name": "Albert",
          "price": null,
          "original_price": null,
          "unit_price": 359.0,
          "unit": "Kg",
          "package_size": "100 g",
          "condition": "Sleva, Vyprodáno"
        }
      ],
      "description": null
    },
    {
      "name": "Flapjack Tyčinka čokoláda a zázvor bez lepku",
      "brand": "Flapjack",
      "product_url": "https://wolt.com/cs/cze/prague/venue/albert-vinohradska/flapjack-tycinka-cokolada-a-zazvor-bez-lepku-itemid-64ca0b7cba162577de4899b9",
      "image_url": "https://imageproxy.wolt.com/menu/menu-images/64ffec4406cca0140dfab831/3f175c8c-8ebf-11ee-b09d-a28724a7b713_27103869.jpg",
      "categories": [
        "TRVANLIVÉ",
        "MÜSLI A CEREÁLIE"
      ],
      "prices": [
        {
          "store_name": "Albert",
          "price": null,
          "original_price": null,
          "unit_price": 336.25,
          "unit": "Kg",
          "package_size": "80 g",
          "condition": "Sleva, Vyprodáno"
        }
      ],
      "description": null
    },
    {
      "name": "Maille Hořčice s medem",
      "brand": "Maille",
      "product_url": "https://wolt.com/cs/cze/prague/venue/albert-vinohradska/maille-horcice-s-medem-itemid-64ca0b7cba162577de489e32",
      "image_url": "https://imageproxy.wolt.com/menu/menu-images/64ffec4406cca0140dfab831/83a5d528-8eaf-11ee-8f9a-96106fe39af5_23342910.jpg",
      "categories": [
        "TRVANLIVÉ",
        "KEČUPY A HOŘČICE"
      ],
      "prices": [
        {
          "store_name": "Albert",
          "price": 99.9,
          "original_price": null,
          "unit_price": 499.5,
          "unit": "l",
          "package_size": "200 ml",
          "condition": null
        }
      ],
      "description": null
    },
    {
      "name": "Lotus Biscoff Originální karamelizovaná sušenka",
      "brand": "Lotus",
      "product_url": "https://wolt.com/cs/cze/prague/venue/albert-vinohradska/lotus-biscoff-originalni-karamelizovana-susenka-itemid-64ca0b7cba162577de488629",
      "image_url": "https://imageproxy.wolt.com/menu/menu-images/63ad795db242366d1f818f36/c5682d06-7825-11f0-8acc-4ec18c268de6_20316402.jpg",
      "categories": [
        "TRVANLIVÉ",
        "SLADKOSTI"
      ],
      "prices": [
        {
          "store_name": "Albert",
          "price": 57.9,
          "original_price": null,
          "unit_price": 231.6,
          "unit": "Kg",
          "package_size": "250 g",
          "condition": null
        }
      ],
      "description": null
    },
    {
      "name": "Gillette Mach3 Comfort Gel na holení",
      "brand": "Gillette",
      "product_url": "https://wolt.com/cs/cze/prague/venue/albert-vinohradska/gillette-mach3-comfort-gel-na-holeni-itemid-6601e6f24cd0cfc726dd267f",
      "image_url": "https://imageproxy.wolt.com/menu/menu-images/6601c613e48d1c8d95333085/aa923566-eae2-11ee-85df-0af811d5ce2c_25273496.jpg",
      "categories": [
        "DROGERIE A KOSMETIKA",
        "HOLENÍ A DEPILACE"
      ],
      "prices": [
        {
          "store_name": "Albert",
          "price": 99.9,
          "original_price": null,
          "unit_price": 499.5,
          "unit": "l",
          "package_size": "200 ml",
          "condition": null
        }
      ],
      "description": null
    },
    {
      "name": "Palmolive Naturals mýdlo s výtažky z mléka a oliv",
      "brand": "Palmolive",
      "product_url": "https://wolt.com/cs/cze/prague/venue/albert-vinohradska/palmolive-naturals-mydlo-s-vytazky-z-mleka-a-oliv-itemid-64ca0b7cba162577de488e21",
      "image_url": "https://imageproxy.wolt.com/menu/menu-images/63ad795db242366d1f818f36/1e1a8f38-4e4d-11ef-8607-eada07a3c8da_20310172.jpg",
      "categories": [
        "DROGERIE A KOSMETIKA",
        "MÝDLA A GELY"
      ],
      "prices": [
        {
          "store_name": "Albert",
          "price": null,
          "original_price": null,
          "unit_price": 265.56,
          "unit": "Kg",
          "package_size": "90 g",
          "condition": "Sleva"
        }
      ],
      "description": null
    },
    {
      "name": "Mentos Mint Dražé se žvýkací náplní",
      "brand": "Mentos",
      "product_url": "https://wolt.com/cs/cze/prague/venue/albert-vinohradska/mentos-mint-draze-se-zvykaci-naplni-itemid-64ca0b7cba162577de489875",
      "image_url": "https://imageproxy.wolt.com/menu/menu-images/64ffec4406cca0140dfab831/48c393da-8eac-11ee-8fa5-361f92ce8d2c_20300616.jpg",
      "categories": [
        "TRVANLIVÉ",
        "SLADKOSTI"
      ],
      "prices": [
        {
          "store_name": "Albert",
          "price": 11.9,
          "original_price": null,
          "unit_price": 313.16,
          "unit": "Kg",
          "package_size": "38 g",
          "condition": null
        }
      ],
      "description": null
    },
    {
      "name": "Lay's solené",
      "brand": "Lay's",
      "product_url": "https://wolt.com/cs/cze/prague/venue/albert-vinohradska/lay-s-solene-itemid-64ca0b7cba162577de489a40",
      "image_url": "https://imageproxy.wolt.com/menu/menu-images/64ffec4406cca0140dfab831/4f803aae-8ec3-11ee-8d56-66f80a096b2a_27376904.jpg",
      "categories": [
        "TRVANLIVÉ",
        "SLANÉ"
      ],
      "prices": [
        {
          "store_name": "Albert",
          "price": 34.9,
          "original_price": null,
          "unit_price": 581.67,
          "unit": "Kg",
          "package_size": "60 g",
          "condition": null
        }
      ],
      "description": null
    },
    {
      "name": "Kinder Maxi King",
      "brand": "Kinder",
      "product_url": "https://wolt.com/cs/cze/prague/venue/albert-vinohradska/kinder-maxi-king-itemid-64ca0b7cba162577de488a73",
      "image_url": "https://imageproxy.wolt.com/menu/menu-images/63ad795db242366d1f818f36/10a66602-7a84-11ef-a658-e2f963ec0e54_21947506.jpg",
      "categories": [
        "MLÉČNÉ A CHLAZENÉ",
        "JOGURTY A DEZERTY"
      ],
      "prices": [
        {
          "store_name": "Albert",
          "price": null,
          "original_price": null,
          "unit_price": 568.57,
          "unit": "Kg",
          "package_size": "35 g",
          "condition": "Sleva"
        }
      ],
      "description": null
    },
    {
      "name": "Maison Castel Bordeaux Merlot",
      "brand": "Maison Castel",
      "product_url": "https://wolt.com/cs/cze/prague/venue/albert-vinohradska/maison-castel-bordeaux-merlot-itemid-657233256818b938df947ffa",
      "image_url": "https://imageproxy.wolt.com/menu/menu-images/64ffec4406cca0140dfab831/617a4072-8ebb-11ee-8d60-325d7328b531_26768892.jpg",
      "categories": [
        "NÁPOJE",
        "VÍNA"
      ],
      "prices": [
        {
          "store_name": "Albert",
          "price": 148.9,
          "original_price": null,
          "unit_price": 198.53,
          "unit": "l",
          "package_size": "750 ml, 14% alc",
          "condition": "18+"
        }
      ],
      "description": null
    },
    {
      "name": "Nova Švestková povidla slazená",
      "brand": "Nova",
      "product_url": "https://wolt.com/cs/cze/prague/venue/albert-vinohradska/nova-svestkova-povidla-slazena-itemid-681b5abffcbd67bf7a8f4ad6",
      "image_url": "https://imageproxy.wolt.com/menu/menu-images/63ad795db242366d1f818f36/15b9ca34-2b47-11f0-a193-3e21106b529d_26274843.jpg",
      "categories": [
        "TRVANLIVÉ",
        "KONZERVOVANÉ POTR."
      ],
      "prices": [
        {
          "store_name": "Albert",
          "price": 59.9,
          "original_price": null,
          "unit_price": 133.11,
          "unit": "Kg",
          "package_size": "450 g",
          "condition": null
        }
      ],
      "description": null
    },
    {
      "name": "World´s Market Olivy černé bez pecek",
      "brand": "World´s Market",
      "product_url": "https://wolt.com/cs/cze/prague/venue/albert-vinohradska/worlds-market-olivy-cerne-bez-pecek-itemid-64ca0b7cba162577de488969",
      "image_url": "https://imageproxy.wolt.com/menu/menu-images/64ffec4406cca0140dfab831/d43f47a4-8ec2-11ee-b37f-2242df874e85_27329818.jpg",
      "categories": [
        "TRVANLIVÉ",
        "KONZERVOVANÉ POTR."
      ],
      "prices": [
        {
          "store_name": "Albert",
          "price": 31.9,
          "original_price": null,
          "unit_price": 279.82,
          "unit": "Kg",
          "package_size": "114 g",
          "condition": null
        }
      ],
      "description": null
    },
    {
      "name": "Bohemia Chips Vroubky mořská sůl",
      "brand": "Bohemia",
      "product_url": "https://wolt.com/cs/cze/prague/venue/albert-vinohradska/bohemia-chips-vroubky-morska-sul-itemid-64ca0b7cba162577de488657",
      "image_url": "https://imageproxy.wolt.com/menu/menu-images/64ffec4406cca0140dfab831/f4417fde-8eba-11ee-9c67-36180384687e_26702001.jpg",
      "categories": [
        "TRVANLIVÉ",
        "SLANÉ"
      ],
      "prices": [
        {
          "store_name": "Albert",
          "price": 39.9,
          "original_price": null,
          "unit_price": 332.5,
          "unit": "Kg",
          "package_size": "120 g",
          "condition": null
        }
      ],
      "description": null
    },
    {
      "name": "Sensodyne Kompletní ochrana zubní pasta",
      "brand": "Sensodyne",
      "product_url": "https://wolt.com/cs/cze/prague/venue/albert-vinohradska/sensodyne-kompletni-ochrana-zubni-pasta-itemid-64ca0b7cba162577de48a159",
      "image_url": "https://imageproxy.wolt.com/menu/menu-images/63ad795db242366d1f818f36/740d6a14-c3f1-11ee-ba48-a661510b4d18_25851502.jpg",
      "categories": [
        "DROGERIE A KOSMETIKA",
        "ÚSTNÍ HYGIENA"
      ],
      "prices": [
        {
          "store_name": "Albert",
          "price": 109.9,
          "original_price": null,
          "unit_price": 1465.33,
          "unit": "l",
          "package_size": "75 ml",
          "condition": null
        }
      ],
      "description": null
    },
    {
      "name": "Malibu Piña Colada",
      "brand": "Malibu",
      "product_url": "https://wolt.com/cs/cze/prague/venue/albert-vinohradska/malibu-pina-colada-itemid-651c8608dcab272f0fa3771a",
      "image_url": "https://imageproxy.wolt.com/menu/menu-images/64ffec4406cca0140dfab831/66590524-8eca-11ee-a4c0-bea6474a380e_27777909.jpg",
      "categories": [
        "NÁPOJE",
        "LIHOVINY"
      ],
      "prices": [
        {
          "store_name": "Albert",
          "price": 59.9,
          "original_price": null,
          "unit_price": 239.6,
          "unit": "l",
          "package_size": "250 ml, 5% alc",
          "condition": "18+"
        }
      ],
      "description": null
    },
    {
      "name": "Albert Instantní polévka rajská",
      "brand": "Albert",
      "product_url": "https://wolt.com/cs/cze/prague/venue/albert-vinohradska/albert-instantni-polevka-rajska-itemid-6601e39a5402ee960d6756a6",
      "image_url": "https://imageproxy.wolt.com/menu/menu-images/6601c613e48d1c8d95333085/ede4271a-eae3-11ee-a096-b20fca39c28b_27305478.jpg",
      "categories": [
        "TRVANLIVÉ",
        "INSTANTNÍ POKRMY"
      ],
      "prices": [
        {
          "store_name": "Albert",
          "price": 6.9,
          "original_price": null,
          "unit_price": 345.0,
          "unit": "Kg",
          "package_size": "20 g",
          "condition": null
        }
      ],
      "description": null
    },
    {
      "name": "Moravia Olešnický tvaroh měkký",
      "brand": "Moravia",
      "product_url": "https://wolt.com/cs/cze/prague/venue/albert-vinohradska/moravia-olesnicky-tvaroh-mekky-itemid-64ca0b7cba162577de489970",
      "image_url": "https://imageproxy.wolt.com/menu/menu-images/64ffec4406cca0140dfab831/111a7cac-8eaf-11ee-b9c8-f2309c23f2b6_23037472.jpg",
      "categories": [
        "MLÉČNÉ A CHLAZENÉ",
        "TVAROHY"
      ],
      "prices": [
        {
          "store_name": "Albert",
          "price": 49.9,
          "original_price": null,
          "unit_price": 216.96,
          "unit": "Kg",
          "package_size": "230 g",
          "condition": null
        }
      ],
      "description": null
    },
    {
      "name": "Carte d'Or Smetanový dezert stracciatella",
      "brand": "Carte",
      "product_url": "https://wolt.com/cs/cze/prague/venue/albert-vinohradska/carte-d-or-smetanovy-dezert-stracciatella-itemid-657233256818b938df948b4f",
      "image_url": "https://imageproxy.wolt.com/menu/menu-images/64ffec4406cca0140dfab831/c7937760-8ec6-11ee-849a-4eeff7c63e9c_27623046.jpg",
      "categories": [
        "MLÉČNÉ A CHLAZENÉ",
        "JOGURTY A DEZERTY"
      ],
      "prices": [
        {
          "store_name": "Albert",
          "price": 24.9,
          "original_price": null,
          "unit_price": 177.86,
          "unit": "Kg",
          "package_size": "140 g",
          "condition": null
        }
      ],
      "description": null
    },
    {
      "name": "Panzani Originale rajčatová omáčka",
      "brand": "Panzani",
      "product_url": "https://wolt.com/cs/cze/prague/venue/albert-vinohradska/panzani-originale-rajcatova-omacka-itemid-64ca0b7cba162577de488095",
      "image_url": "https://imageproxy.wolt.com/menu/menu-images/64ffec4406cca0140dfab831/42a65b5c-8eb3-11ee-a66e-96ff514b0205_24986908.jpg",
      "categories": [
        "TRVANLIVÉ",
        "KEČUPY A HOŘČICE"
      ],
      "prices": [
        {
          "store_name": "Albert",
          "price": 48.9,
          "original_price": null,
          "unit_price": 122.25,
          "unit": "Kg",
          "package_size": "400 g",
          "condition": null
        }
      ],
      "description": null
    },
    {
      "name": "Perla Colombia kapsle",
      "brand": "Perla",
      "product_url": "https://wolt.com/cs/cze/prague/venue/albert-vinohradska/perla-colombia-kapsle-itemid-64ca0b7cba162577de489b05",
      "image_url": "https://imageproxy.wolt.com/menu/menu-images/6745ec28c3b7723db3588430/0ee16aa6-d4fb-11f0-83d3-1a5417338805_27257111.jpg",
      "categories": [
        "NÁPOJE",
        "KÁVA A ČAJ"
      ],
      "prices": [
        {
          "store_name": "Albert",
          "price": 99.9,
          "original_price": null,
          "unit_price": 9.99,
          "unit": "ks",
          "package_size": "‪10‬ kusů",
          "condition": null
        }
      ],
      "description": null
    },
    {
      "name": "Olma Florian smetanový jogurt stracciatella",
      "brand": "Olma",
      "product_url": "https://wolt.com/cs/cze/prague/venue/albert-vinohradska/olma-florian-smetanovy-jogurt-stracciatella-itemid-64ca0b7cba162577de4883b9",
      "image_url": "https://imageproxy.wolt.com/menu/menu-images/64ffec4406cca0140dfab831/c952bd56-8eb0-11ee-b125-96ff514b0205_24003971.jpg",
      "categories": [
        "MLÉČNÉ A CHLAZENÉ",
        "JOGURTY A DEZERTY"
      ],
      "prices": [
        {
          "store_name": "Albert",
          "price": null,
          "original_price": null,
          "unit_price": 66.0,
          "unit": "Kg",
          "package_size": "150 g",
          "condition": "Sleva"
        }
      ],
      "description": null
    },
    {
      "name": "Strongbow Apple Cider Gold Apple",
      "brand": "Strongbow",
      "product_url": "https://wolt.com/cs/cze/prague/venue/albert-vinohradska/strongbow-apple-cider-gold-apple-itemid-64ca0b7cba162577de4889e5",
      "image_url": "https://imageproxy.wolt.com/menu/menu-images/64ffec4406cca0140dfab831/a54ee18e-8ebd-11ee-8139-5e4e081b1cfc_26957265.jpg",
      "categories": [
        "NÁPOJE",
        "CIDERY"
      ],
      "prices": [
        {
          "store_name": "Albert",
          "price": 19.9,
          "original_price": null,
          "unit_price": 45.23,
          "unit": "l",
          "package_size": "440 ml, 4,5% alc",
          "condition": "18+"
        }
      ],
      "description": null
    },
    {
      "name": "Relax 100% jablko",
      "brand": "Relax",
      "product_url": "https://wolt.com/cs/cze/prague/venue/albert-vinohradska/relax-100-jablko-itemid-64ca0b7cba162577de4882b7",
      "image_url": "https://imageproxy.wolt.com/menu/menu-images/64ffec4406cca0140dfab831/8fc398de-8eac-11ee-894b-067f756def6c_20314125.jpg",
      "categories": [
        "NÁPOJE",
        "DŽUSY A NEKTARY"
      ],
      "prices": [
        {
          "store_name": "Albert",
          "price": 29.9,
          "original_price": null,
          "unit_price": 29.9,
          "unit": "l",
          "package_size": "1 l",
          "condition": null
        }
      ],
      "description": null
    },
    {
      "name": "Nature's Promise Bio Pepř černý mletý",
      "brand": "Nature's Promise",
      "product_url": "https://wolt.com/cs/cze/prague/venue/albert-vinohradska/nature-s-promise-bio-pepr-cerny-mlety-itemid-681b5abffcbd67bf7a8f49d7",
      "image_url": "https://imageproxy.wolt.com/menu/menu-images/63ad795db242366d1f818f36/9db45d5a-2b47-11f0-900f-2e2a102d9ad7_27938621.jpg",
      "categories": [
        "TRVANLIVÉ",
        "KOŘENÍ A OCHUCOVADLA"
      ],
      "prices": [
        {
          "store_name": "Albert",
          "price": null,
          "original_price": null,
          "unit_price": 745.0,
          "unit": "Kg",
          "package_size": "20 g",
          "condition": "Sleva"
        }
      ],
      "description": null
    },
    {
      "name": "Purina One Indoor krůta a obiloviny",
      "brand": "Purina",
      "product_url": "https://wolt.com/cs/cze/prague/venue/albert-vinohradska/purina-one-indoor-kruta-a-obiloviny-itemid-64ca0b7cba162577de489f57",
      "image_url": "https://imageproxy.wolt.com/menu/menu-images/64ffec4406cca0140dfab831/25160ec4-8eb4-11ee-a1aa-fe2992cf6bd0_25250091.jpg",
      "categories": [
        "ZVÍŘATA",
        "KOČKY"
      ],
      "prices": [
        {
          "store_name": "Albert",
          "price": 129.9,
          "original_price": null,
          "unit_price": 162.38,
          "unit": "Kg",
          "package_size": "800 g",
          "condition": null
        }
      ],
      "description": null
    },
    {
      "name": "Nature's Promise Kids 100% Mošt jablko, jahoda",
      "brand": "Nature's Promise",
      "product_url": "https://wolt.com/cs/cze/prague/venue/albert-vinohradska/nature-s-promise-kids-100-most-jablko-jahoda-itemid-64ca0b7cba162577de48a5cd",
      "image_url": "https://imageproxy.wolt.com/menu/menu-images/64ffec4406cca0140dfab831/2585d79a-8ec8-11ee-8060-46b0bb5ce808_27706312.jpg",
      "categories": [
        "NÁPOJE",
        "DŽUSY A NEKTARY"
      ],
      "prices": [
        {
          "store_name": "Albert",
          "price": null,
          "original_price": null,
          "unit_price": 129.5,
          "unit": "l",
          "package_size": "200 ml",
          "condition": "Sleva"
        }
      ],
      "description": null
    },
    {
      "name": "Nature's Promise Bio Paprika sladká mletá",
      "brand": "Nature's Promise",
      "product_url": "https://wolt.com/cs/cze/prague/venue/albert-vinohradska/nature-s-promise-bio-paprika-sladka-mleta-itemid-681b5abffcbd67bf7a8f49d8",
      "image_url": "https://imageproxy.wolt.com/menu/menu-images/63ad795db242366d1f818f36/a017b718-2b47-11f0-bc26-be47bb4dacd4_27938638.jpg",
      "categories": [
        "TRVANLIVÉ",
        "KOŘENÍ A OCHUCOVADLA"
      ],
      "prices": [
        {
          "store_name": "Albert",
          "price": null,
          "original_price": null,
          "unit_price": 793.33,
          "unit": "Kg",
          "package_size": "15 g",
          "condition": "Sleva"
        }
      ],
      "description": null
    },
    {
      "name": "Cute Baby Pleny Maxi velikost 4",
      "brand": "Cute Baby",
      "product_url": "https://wolt.com/cs/cze/prague/venue/albert-vinohradska/cute-baby-pleny-maxi-velikost-4-itemid-64ca0b7cba162577de488cb9",
      "image_url": "https://imageproxy.wolt.com/menu/menu-images/63ad795db242366d1f818f36/207e6294-9796-11ef-b6b5-fab9f58800a2_26937809.jpg",
      "categories": [
        "DÍTĚ",
        "PLENY A PODLOŽKY"
      ],
      "prices": [
        {
          "store_name": "Albert",
          "price": 169.0,
          "original_price": null,
          "unit_price": 3.13,
          "unit": "ks",
          "package_size": "‪54‬ kusů",
          "condition": null
        }
      ],
      "description": null
    },
    {
      "name": "Gervais Sýr tvarohový čerstvý paprika a rajče",
      "brand": "Gervais",
      "product_url": "https://wolt.com/cs/cze/prague/venue/albert-vinohradska/gervais-syr-tvarohovy-cerstvy-paprika-a-rajce-itemid-64ca0b7cba162577de4892a2",
      "image_url": "https://imageproxy.wolt.com/menu/menu-images/63ad795db242366d1f818f36/cb614fc0-5efa-11ef-a2bc-d21ddd659bf2_22839428.jpg",
      "categories": [
        "MLÉČNÉ A CHLAZENÉ",
        "SÝRY"
      ],
      "prices": [
        {
          "store_name": "Albert",
          "price": null,
          "original_price": null,
          "unit_price": 311.25,
          "unit": "Kg",
          "package_size": "80 g",
          "condition": "Sleva"
        }
      ],
      "description": null
    },
    {
      "name": "Lovepet Kapsa pro kočky, drůbeží v omáčce",
      "brand": "Lovepet",
      "product_url": "https://wolt.com/cs/cze/prague/venue/albert-vinohradska/lovepet-kapsa-pro-kocky-drubezi-v-omacce-itemid-64ca0b7cba162577de48a197",
      "image_url": "https://imageproxy.wolt.com/menu/menu-images/63ad795db242366d1f818f36/4ed444fc-c471-11f0-9718-02f259240252_26444338.jpg",
      "categories": [
        "ZVÍŘATA",
        "KOČKY"
      ],
      "prices": [
        {
          "store_name": "Albert",
          "price": 10.9,
          "original_price": null,
          "unit_price": 109.0,
          "unit": "Kg",
          "package_size": "100 g",
          "condition": null
        }
      ],
      "description": null
    },
    {
      "name": "Orion Ledové kaštany v hořké čokoládě",
      "brand": "Orion",
      "product_url": "https://wolt.com/cs/cze/prague/venue/albert-vinohradska/orion-ledove-kastany-v-horke-cokolade-itemid-64ca0b7cba162577de48895d",
      "image_url": "https://imageproxy.wolt.com/menu/menu-images/64ffec4406cca0140dfab831/58e2eefa-8eac-11ee-a25d-0ad9bf6baf5b_20301590.jpg",
      "categories": [
        "TRVANLIVÉ",
        "SLADKOSTI"
      ],
      "prices": [
        {
          "store_name": "Albert",
          "price": 26.9,
          "original_price": null,
          "unit_price": 597.78,
          "unit": "Kg",
          "package_size": "45 g",
          "condition": null
        }
      ],
      "description": null
    },
    {
      "name": "Rexona Active Fresh Antiperspirant sprej",
      "brand": "Rexona",
      "product_url": "https://wolt.com/cs/cze/prague/venue/albert-vinohradska/rexona-active-fresh-antiperspirant-sprej-itemid-6601e16fa662c7cb270af5f9",
      "image_url": "https://imageproxy.wolt.com/menu/menu-images/6601c613e48d1c8d95333085/54b44bf6-eae3-11ee-ae90-667d50b09927_26758114.jpg",
      "categories": [
        "DROGERIE A KOSMETIKA",
        "DEODORANTY"
      ],
      "prices": [
        {
          "store_name": "Albert",
          "price": 76.9,
          "original_price": null,
          "unit_price": 512.67,
          "unit": "l",
          "package_size": "150 ml",
          "condition": null
        }
      ],
      "description": null
    },
    {
      "name": "Spokar Dětský kartáček extra měkký",
      "brand": "Spokar",
      "product_url": "https://wolt.com/cs/cze/prague/venue/albert-vinohradska/spokar-detsky-kartacek-extra-mekky-itemid-64ca0b7cba162577de488c5f",
      "image_url": "https://imageproxy.wolt.com/menu/menu-images/64ffec4406cca0140dfab831/b8ca57be-8eb5-11ee-ab5c-9e446d541704_25616866.jpg",
      "categories": [
        "DROGERIE A KOSMETIKA",
        "ÚSTNÍ HYGIENA"
      ],
      "prices": [
        {
          "store_name": "Albert",
          "price": 39.9,
          "original_price": null,
          "unit_price": 39.9,
          "unit": "ks",
          "package_size": "‪1‬ kus",
          "condition": null
        }
      ],
      "description": null
    },
    {
      "name": "Bonavita Cornflakes",
      "brand": "Bonavita",
      "product_url": "https://wolt.com/cs/cze/prague/venue/albert-vinohradska/bonavita-cornflakes-itemid-657233256818b938df948502",
      "image_url": "https://imageproxy.wolt.com/menu/menu-images/64ffec4406cca0140dfab831/0d8ed638-8eae-11ee-987d-4e1b0e3e674e_21642524.jpg",
      "categories": [
        "TRVANLIVÉ",
        "MÜSLI A CEREÁLIE"
      ],
      "prices": [
        {
          "store_name": "Albert",
          "price": null,
          "original_price": null,
          "unit_price": 133.07,
          "unit": "Kg",
          "package_size": "375 g",
          "condition": "Sleva"
        }
      ],
      "description": null
    },
    {
      "name": "Emma Slunečnicová semínka",
      "brand": "Emma",
      "product_url": "https://wolt.com/cs/cze/prague/venue/albert-vinohradska/emma-slunecnicova-seminka-itemid-64ca0b7cba162577de488a79",
      "image_url": "https://imageproxy.wolt.com/menu/menu-images/63ad795db242366d1f818f36/3533b5ea-d995-11ef-99a7-d2329f350f9a_26530505.jpg",
      "categories": [
        "OVOCE A ZELENINA",
        "SUCHÉ PLODY"
      ],
      "prices": [
        {
          "store_name": "Albert",
          "price": 28.9,
          "original_price": null,
          "unit_price": 115.6,
          "unit": "Kg",
          "package_size": "250 g",
          "condition": null
        }
      ],
      "description": null
    },
    {
      "name": "Lotus Biscoff Sušenky s vanilkovou náplní",
      "brand": "Lotus",
      "product_url": "https://wolt.com/cs/cze/prague/venue/albert-vinohradska/lotus-biscoff-susenky-s-vanilkovou-naplni-itemid-64ca0b7cba162577de489676",
      "image_url": "https://imageproxy.wolt.com/menu/menu-images/63ad795db242366d1f818f36/95e3d4f4-10f7-11ef-83b7-0669610e4ff8_27454602.jpg",
      "categories": [
        "TRVANLIVÉ",
        "SLADKOSTI"
      ],
      "prices": [
        {
          "store_name": "Albert",
          "price": 57.9,
          "original_price": null,
          "unit_price": 386.0,
          "unit": "Kg",
          "package_size": "150 g",
          "condition": null
        }
      ],
      "description": null
    },
    {
      "name": "Jack Daniel's Tennessee Honey 35% + 2 skleničky",
      "brand": "Jack Daniel's",
      "product_url": "https://wolt.com/cs/cze/prague/venue/albert-vinohradska/jack-daniel-s-tennessee-honey-35-2-sklenicky-itemid-657233256818b938df9485c9",
      "image_url": "https://imageproxy.wolt.com/menu/menu-images/63ad795db242366d1f818f36/aac4daee-c92e-11f0-b249-2275819ae7a1_26692449.jpg",
      "categories": [
        "NÁPOJE",
        "LIHOVINY"
      ],
      "prices": [
        {
          "store_name": "Albert",
          "price": 859.0,
          "original_price": null,
          "unit_price": 1227.14,
          "unit": "l",
          "package_size": "700 ml, 35% alc",
          "condition": "18+"
        }
      ],
      "description": null
    },
    {
      "name": "Nature's Promise Bio Rýžový nápoj",
      "brand": "Nature's Promise",
      "product_url": "https://wolt.com/cs/cze/prague/venue/albert-vinohradska/nature-s-promise-bio-ryzovy-napoj-itemid-657233256818b938df948adc",
      "image_url": "https://imageproxy.wolt.com/menu/menu-images/64ffec4406cca0140dfab831/c17f35d2-8ec9-11ee-a028-5e576a1679f9_27756195.jpg",
      "categories": [
        "MLÉČNÉ A CHLAZENÉ",
        "ROSTLINNÉ PRODUKTY"
      ],
      "prices": [
        {
          "store_name": "Albert",
          "price": 28.9,
          "original_price": null,
          "unit_price": 28.9,
          "unit": "l",
          "package_size": "1 l",
          "condition": null
        }
      ],
      "description": null
    },
    {
      "name": "Algida Kids Mix",
      "brand": "Algida",
      "product_url": "https://wolt.com/cs/cze/prague/venue/albert-vinohradska/algida-kids-mix-itemid-6876153a0c6218e9f3e5f47a",
      "image_url": "https://imageproxy.wolt.com/menu/menu-images/64b62ec5e5ab70cdc92e30f0/25eca224-616f-11f0-b639-e27a0222e7ee_27725610.jpg",
      "categories": [
        "MRAŽENÉ POTRAVINY",
        "ZMRZLINA A NANUKY"
      ],
      "prices": [
        {
          "store_name": "Albert",
          "price": 156.0,
          "original_price": null,
          "unit_price": 391.96,
          "unit": "l",
          "package_size": "398 ml",
          "condition": null
        }
      ],
      "description": null
    },
    {
      "name": "Madeta Eidam 45% plátky",
      "brand": "Madeta",
      "product_url": "https://wolt.com/cs/cze/prague/venue/albert-vinohradska/madeta-eidam-45-platky-itemid-64ca0b7cba162577de488531",
      "image_url": "https://imageproxy.wolt.com/menu/menu-images/64ffec4406cca0140dfab831/ddc24606-8ead-11ee-823a-9a472ccb949a_21394003.jpg",
      "categories": [
        "MLÉČNÉ A CHLAZENÉ",
        "SÝRY"
      ],
      "prices": [
        {
          "store_name": "Albert",
          "price": 34.9,
          "original_price": null,
          "unit_price": 349.0,
          "unit": "Kg",
          "package_size": "100 g",
          "condition": null
        }
      ],
      "description": null
    },
    {
      "name": "Albert Jogurt lesní směs",
      "brand": "Albert",
      "product_url": "https://wolt.com/cs/cze/prague/venue/albert-vinohradska/albert-jogurt-lesni-smes-itemid-64ca0b7cba162577de4884a3",
      "image_url": "https://imageproxy.wolt.com/menu/menu-images/64ffec4406cca0140dfab831/4a413ff0-8eb6-11ee-a61f-1e037cde04d4_25734508.jpg",
      "categories": [
        "MLÉČNÉ A CHLAZENÉ",
        "JOGURTY A DEZERTY"
      ],
      "prices": [
        {
          "store_name": "Albert",
          "price": 11.9,
          "original_price": null,
          "unit_price": 79.33,
          "unit": "Kg",
          "package_size": "150 g",
          "condition": null
        }
      ],
      "description": null
    },
    {
      "name": "Albert Salát ledový",
      "brand": "Albert",
      "product_url": "https://wolt.com/cs/cze/prague/venue/albert-vinohradska/albert-salat-ledovy-itemid-64ca0b7cba162577de488fc7",
      "image_url": "https://imageproxy.wolt.com/menu/menu-images/63ad795db242366d1f818f36/4253796e-bbe4-11ef-b603-36d3d018224d_26991917.jpg",
      "categories": [
        "OVOCE A ZELENINA",
        "ZELENINA"
      ],
      "prices": [
        {
          "store_name": "Albert",
          "price": 32.9,
          "original_price": null,
          "unit_price": 131.6,
          "unit": "Kg",
          "package_size": "250 g",
          "condition": null
        }
      ],
      "description": null
    },
    {
      "name": "Tuc Mini Krekry příchuť slanina",
      "brand": "Tuc",
      "product_url": "https://wolt.com/cs/cze/prague/venue/albert-vinohradska/tuc-mini-krekry-prichut-slanina-itemid-657233256818b938df947b96",
      "image_url": "https://imageproxy.wolt.com/menu/menu-images/64ffec4406cca0140dfab831/b11e7352-8eb4-11ee-856e-16e6bf59122a_25385038.jpg",
      "categories": [
        "TRVANLIVÉ",
        "SLANÉ"
      ],
      "prices": [
        {
          "store_name": "Albert",
          "price": 19.9,
          "original_price": null,
          "unit_price": 199.0,
          "unit": "Kg",
          "package_size": "100 g",
          "condition": null
        }
      ],
      "description": null
    },
    {
      "name": "Rama Classic Family",
      "brand": "Rama",
      "product_url": "https://wolt.com/cs/cze/prague/venue/albert-vinohradska/rama-classic-family-itemid-64ca0b7cba162577de4896ad",
      "image_url": "https://imageproxy.wolt.com/menu/menu-images/63ad795db242366d1f818f36/e4efdc3a-7827-11f0-9972-beba87f0e7db_27436820.jpg",
      "categories": [
        "MLÉČNÉ A CHLAZENÉ",
        "MÁSLO A TUKY"
      ],
      "prices": [
        {
          "store_name": "Albert",
          "price": null,
          "original_price": null,
          "unit_price": 115.68,
          "unit": "Kg",
          "package_size": "950 g",
          "condition": "Sleva"
        }
      ],
      "description": null
    },
    {
      "name": "Emma Lísková jádra natural",
      "brand": "Emma",
      "product_url": "https://wolt.com/cs/cze/prague/venue/albert-vinohradska/emma-liskova-jadra-natural-itemid-64ca0b7cba162577de48885d",
      "image_url": "https://imageproxy.wolt.com/menu/menu-images/63ad795db242366d1f818f36/f4acbf42-66af-11ef-a1b3-d22ed67da1df_23711549.jpg",
      "categories": [
        "OVOCE A ZELENINA",
        "SUCHÉ PLODY"
      ],
      "prices": [
        {
          "store_name": "Albert",
          "price": 89.9,
          "original_price": null,
          "unit_price": 449.5,
          "unit": "Kg",
          "package_size": "200 g",
          "condition": null
        }
      ],
      "description": null
    },
    {
      "name": "Nivea Men Black & White kuličkový antiperspirant",
      "brand": "Nivea",
      "product_url": "https://wolt.com/cs/cze/prague/venue/albert-vinohradska/nivea-men-black-white-kulickovy-antiperspirant-itemid-64ca0b7cba162577de488f4d",
      "image_url": "https://imageproxy.wolt.com/menu/menu-images/64ffec4406cca0140dfab831/35c93386-8eb4-11ee-b4b1-3ed0b25e551d_25258844.jpg",
      "categories": [
        "DROGERIE A KOSMETIKA",
        "DEODORANTY"
      ],
      "prices": [
        {
          "store_name": "Albert",
          "price": 89.9,
          "original_price": null,
          "unit_price": 1798.0,
          "unit": "l",
          "package_size": "50 ml",
          "condition": null
        }
      ],
      "description": null
    },
    {
      "name": "Galbani Mozzarella light",
      "brand": "Galbani",
      "product_url": "https://wolt.com/cs/cze/prague/venue/albert-vinohradska/galbani-mozzarella-light-itemid-64ca0b7cba162577de4880c5",
      "image_url": "https://imageproxy.wolt.com/menu/menu-images/63ad795db242366d1f818f36/7848ddac-bbe4-11ef-89e5-42eaab78af7f_25416886.jpg",
      "categories": [
        "MLÉČNÉ A CHLAZENÉ",
        "SÝRY"
      ],
      "prices": [
        {
          "store_name": "Albert",
          "price": null,
          "original_price": null,
          "unit_price": 215.2,
          "unit": "Kg",
          "package_size": "125 g",
          "condition": "Sleva"
        }
      ],
      "description": null
    },
    {
      "name": "Fino Alobal extra silný",
      "brand": "Fino",
      "product_url": "https://wolt.com/cs/cze/prague/venue/albert-vinohradska/fino-alobal-extra-silny-itemid-64ca0b7cba162577de48847f",
      "image_url": "https://imageproxy.wolt.com/menu/menu-images/64ffec4406cca0140dfab831/21b625a0-8eb1-11ee-ae52-7217cc85b990_24221627.jpg",
      "categories": [
        "DOMÁCNOST A ZAHRADA",
        "KUCHYŇSKÉ POTŘEBY"
      ],
      "prices": [
        {
          "store_name": "Albert",
          "price": 49.9,
          "original_price": null,
          "unit_price": 4.99,
          "unit": "ks",
          "package_size": "‪10‬ kusů",
          "condition": null
        }
      ],
      "description": null
    },
    {
      "name": "Rosické těstoviny Torti vřetena malá",
      "brand": "Rosické",
      "product_url": "https://wolt.com/cs/cze/prague/venue/albert-vinohradska/rosicke-testoviny-torti-vretena-mala-itemid-64ca0b7cba162577de489259",
      "image_url": "https://imageproxy.wolt.com/menu/menu-images/63ad795db242366d1f818f36/e6490e74-25b3-11f0-a1d9-eee0d6ebf19d_20693398.jpg",
      "categories": [
        "TRVANLIVÉ",
        "TĚSTOVINY A KUSKUS"
      ],
      "prices": [
        {
          "store_name": "Albert",
          "price": 32.9,
          "original_price": null,
          "unit_price": 65.8,
          "unit": "Kg",
          "package_size": "500 g",
          "condition": null
        }
      ],
      "description": null
    },
    {
      "name": "Opavia Miňonky oříškové",
      "brand": "Opavia",
      "product_url": "https://wolt.com/cs/cze/prague/venue/albert-vinohradska/opavia-minonky-oriskove-itemid-64ca0b7cba162577de4891e7",
      "image_url": "https://imageproxy.wolt.com/menu/menu-images/64ffec4406cca0140dfab831/db2bb472-8ead-11ee-badc-faa0c7b9848f_21378898.jpg",
      "categories": [
        "TRVANLIVÉ",
        "SLADKOSTI"
      ],
      "prices": [
        {
          "store_name": "Albert",
          "price": 18.9,
          "original_price": null,
          "unit_price": 378.0,
          "unit": "Kg",
          "package_size": "50 g",
          "condition": null
        }
      ],
      "description": null
    },
    {
      "name": "Gliss Oil Nutritive regenerační balzám",
      "brand": "Gliss",
      "product_url": "https://wolt.com/cs/cze/prague/venue/albert-vinohradska/gliss-oil-nutritive-regeneracni-balzam-itemid-64ca0b7cba162577de489e6e",
      "image_url": "https://imageproxy.wolt.com/menu/menu-images/64ffec4406cca0140dfab831/78fb11b8-8eb1-11ee-a6ab-e6fbf8d3c3b0_24380010.jpg",
      "categories": [
        "DROGERIE A KOSMETIKA",
        "PÉČE O VLASY"
      ],
      "prices": [
        {
          "store_name": "Albert",
          "price": 141.9,
          "original_price": null,
          "unit_price": 709.5,
          "unit": "l",
          "package_size": "200 ml",
          "condition": null
        }
      ],
      "description": null
    },
    {
      "name": "Perla Assam Černý čaj sypaný",
      "brand": "Perla",
      "product_url": "https://wolt.com/cs/cze/prague/venue/albert-vinohradska/perla-assam-cerny-caj-sypany-itemid-651c87954cc209c0e71e09f4",
      "image_url": "https://imageproxy.wolt.com/menu/menu-images/64ffec4406cca0140dfab831/e3c6aa84-8eca-11ee-bd99-6e582dc6e37d_27791189.jpg",
      "categories": [
        "NÁPOJE",
        "KÁVA A ČAJ"
      ],
      "prices": [
        {
          "store_name": "Albert",
          "price": 67.9,
          "original_price": null,
          "unit_price": 679.0,
          "unit": "Kg",
          "package_size": "100 g",
          "condition": null
        }
      ],
      "description": null
    },
    {
      "name": "Italat Ricotta",
      "brand": "Italat",
      "product_url": "https://wolt.com/cs/cze/prague/venue/albert-vinohradska/italat-ricotta-itemid-64ca0b7cba162577de488661",
      "image_url": "https://imageproxy.wolt.com/menu/menu-images/64ffec4406cca0140dfab831/8fdd7a52-8eb5-11ee-be10-eadf6ce36c9d_25580617.jpg",
      "categories": [
        "MLÉČNÉ A CHLAZENÉ",
        "SÝRY"
      ],
      "prices": [
        {
          "store_name": "Albert",
          "price": 39.9,
          "original_price": null,
          "unit_price": 199.5,
          "unit": "Kg",
          "package_size": "200 g",
          "condition": null
        }
      ],
      "description": null
    },
    {
      "name": "Vitana Jalovec celý",
      "brand": "Vitana",
      "product_url": "https://wolt.com/cs/cze/prague/venue/albert-vinohradska/vitana-jalovec-cely-itemid-64ca0b7cba162577de48a2b1",
      "image_url": "https://imageproxy.wolt.com/menu/menu-images/64ffec4406cca0140dfab831/e37cd5a4-8eba-11ee-b5b9-b6077702759d_26692111.jpg",
      "categories": [
        "TRVANLIVÉ",
        "KOŘENÍ A OCHUCOVADLA"
      ],
      "prices": [
        {
          "store_name": "Albert",
          "price": 19.9,
          "original_price": null,
          "unit_price": 1105.56,
          "unit": "Kg",
          "package_size": "18 g",
          "condition": null
        }
      ],
      "description": null
    },
    {
      "name": "Savo Dezinfekce proti plísním koupelna",
      "brand": "Savo",
      "product_url": "https://wolt.com/cs/cze/prague/venue/albert-vinohradska/savo-dezinfekce-proti-plisnim-koupelna-itemid-64ca0b7cba162577de489e62",
      "image_url": "https://imageproxy.wolt.com/menu/menu-images/64ffec4406cca0140dfab831/f6343b12-8eb3-11ee-b81c-1627932f216d_25220377.jpg",
      "categories": [
        "DROGERIE A KOSMETIKA",
        "ČISTÍCÍ PROSTŘEDKY"
      ],
      "prices": [
        {
          "store_name": "Albert",
          "price": 119.9,
          "original_price": null,
          "unit_price": 239.8,
          "unit": "l",
          "package_size": "500 ml",
          "condition": "Věkové omezení"
        }
      ],
      "description": null
    },
    {
      "name": "Albert Smoothie hrozny, malina a chia",
      "brand": "Albert",
      "product_url": "https://wolt.com/cs/cze/prague/venue/albert-vinohradska/albert-smoothie-hrozny-malina-a-chia-itemid-64ca0b7cba162577de489439",
      "image_url": "https://imageproxy.wolt.com/menu/menu-images/63ad795db242366d1f818f36/49bfe890-0609-11ef-add0-06ff509c4e9e_27193600.jpg",
      "categories": [
        "NÁPOJE",
        "DŽUSY A NEKTARY"
      ],
      "prices": [
        {
          "store_name": "Albert",
          "price": null,
          "original_price": null,
          "unit_price": 139.5,
          "unit": "l",
          "package_size": "200 ml",
          "condition": "Sleva"
        }
      ],
      "description": null
    },
    {
      "name": "Magnum Almond",
      "brand": "Magnum",
      "product_url": "https://wolt.com/cs/cze/prague/venue/albert-vinohradska/magnum-almond-itemid-6876153a0c6218e9f3e5f43e",
      "image_url": "https://imageproxy.wolt.com/menu/menu-images/64b62ec5e5ab70cdc92e30f0/02745a08-616f-11f0-8674-26640337959e_26876405.jpg",
      "categories": [
        "MRAŽENÉ POTRAVINY",
        "ZMRZLINA A NANUKY"
      ],
      "prices": [
        {
          "store_name": "Albert",
          "price": 109.9,
          "original_price": null,
          "unit_price": 249.77,
          "unit": "l",
          "package_size": "440 ml",
          "condition": null
        }
      ],
      "description": null
    },
    {
      "name": "Moravia Olešnický tvaroh jemný",
      "brand": "Moravia",
      "product_url": "https://wolt.com/cs/cze/prague/venue/albert-vinohradska/moravia-olesnicky-tvaroh-jemny-itemid-64ca0b7cba162577de4895d0",
      "image_url": "https://imageproxy.wolt.com/menu/menu-images/63ad795db242366d1f818f36/ed378714-7825-11f0-9a47-727f19146729_23037489.jpg",
      "categories": [
        "MLÉČNÉ A CHLAZENÉ",
        "TVAROHY"
      ],
      "prices": [
        {
          "store_name": "Albert",
          "price": 49.9,
          "original_price": null,
          "unit_price": 216.96,
          "unit": "Kg",
          "package_size": "230 g",
          "condition": null
        }
      ],
      "description": null
    },
    {
      "name": "Nature's Promise Kozí sýr bloček",
      "brand": "Nature's Promise",
      "product_url": "https://wolt.com/cs/cze/prague/venue/albert-vinohradska/nature-s-promise-kozi-syr-blocek-itemid-64ca0b7cba162577de489172",
      "image_url": "https://imageproxy.wolt.com/menu/menu-images/63ad795db242366d1f818f36/803a4e32-8e26-11f0-8a5b-1a1ff9340d48_27270967.jpg",
      "categories": [
        "MLÉČNÉ A CHLAZENÉ",
        "SÝRY"
      ],
      "prices": [
        {
          "store_name": "Albert",
          "price": null,
          "original_price": null,
          "unit_price": 420.0,
          "unit": "Kg",
          "package_size": "95 g",
          "condition": "Sleva"
        }
      ],
      "description": null
    },
    {
      "name": "Moravíno Rulandské šedé",
      "brand": "Moravíno",
      "product_url": "https://wolt.com/cs/cze/prague/venue/albert-vinohradska/moravino-rulandske-sede-itemid-657233256818b938df9487be",
      "image_url": "https://imageproxy.wolt.com/menu/menu-images/64ffec4406cca0140dfab831/e1f6b58c-8ec0-11ee-9a4a-5e4e081b1cfc_27199664.jpg",
      "categories": [
        "NÁPOJE",
        "VÍNA"
      ],
      "prices": [
        {
          "store_name": "Albert",
          "price": 299.0,
          "original_price": null,
          "unit_price": 398.67,
          "unit": "l",
          "package_size": "750 ml, 13,5% alc",
          "condition": "18+"
        }
      ],
      "description": null
    },
    {
      "name": "Albert Věnečky kakaové",
      "brand": "Albert",
      "product_url": "https://wolt.com/cs/cze/prague/venue/albert-vinohradska/albert-venecky-kakaove-itemid-64ca0b7cba162577de4891be",
      "image_url": "https://imageproxy.wolt.com/menu/menu-images/64ffec4406cca0140dfab831/9d0d54fc-8eb2-11ee-b4b2-5a7762fb688d_24840811.jpg",
      "categories": [
        "TRVANLIVÉ",
        "SLADKOSTI"
      ],
      "prices": [
        {
          "store_name": "Albert",
          "price": 24.9,
          "original_price": null,
          "unit_price": 166.0,
          "unit": "Kg",
          "package_size": "150 g",
          "condition": null
        }
      ],
      "description": null
    },
    {
      "name": "Malva Hořčice kremžská",
      "brand": "Malva",
      "product_url": "https://wolt.com/cs/cze/prague/venue/albert-vinohradska/malva-horcice-kremzska-itemid-64ca0b7cba162577de4895b8",
      "image_url": "https://imageproxy.wolt.com/menu/menu-images/63ad795db242366d1f818f36/aae2a3e8-ed43-11ef-ad04-ea86c9b52765_20305482.jpg",
      "categories": [
        "TRVANLIVÉ",
        "KEČUPY A HOŘČICE"
      ],
      "prices": [
        {
          "store_name": "Albert",
          "price": 34.9,
          "original_price": null,
          "unit_price": 87.25,
          "unit": "Kg",
          "package_size": "400 g",
          "condition": null
        }
      ],
      "description": null
    },
    {
      "name": "Opavia Bebe Dobré ráno Mini kakaové sušenky",
      "brand": "Opavia",
      "product_url": "https://wolt.com/cs/cze/prague/venue/albert-vinohradska/opavia-bebe-dobre-rano-mini-kakaove-susenky-itemid-64ca0b7cba162577de4898ea",
      "image_url": "https://imageproxy.wolt.com/menu/menu-images/63ad795db242366d1f818f36/ce56c7e8-f8ef-11ef-8a1c-f6e67a12d1f8_25226485.jpg",
      "categories": [
        "TRVANLIVÉ",
        "MÜSLI A CEREÁLIE"
      ],
      "prices": [
        {
          "store_name": "Albert",
          "price": 89.9,
          "original_price": null,
          "unit_price": 299.67,
          "unit": "Kg",
          "package_size": "300 g",
          "condition": null
        }
      ],
      "description": null
    },
    {
      "name": "Lactovit Lactourea zpevňující sprchový gel",
      "brand": "Lactovit",
      "product_url": "https://wolt.com/cs/cze/prague/venue/albert-vinohradska/lactovit-lactourea-zpevnujici-sprchovy-gel-itemid-6601f15bf9cabb35fca3d2ed",
      "image_url": "https://imageproxy.wolt.com/menu/menu-images/6601c613e48d1c8d95333085/037adec4-eae5-11ee-88c1-9e6b6bb9a299_27754580.jpg",
      "categories": [
        "DROGERIE A KOSMETIKA",
        "MÝDLA A GELY"
      ],
      "prices": [
        {
          "store_name": "Albert",
          "price": 104.9,
          "original_price": null,
          "unit_price": 209.8,
          "unit": "l",
          "package_size": "500 ml",
          "condition": null
        }
      ],
      "description": null
    },
    {
      "name": "Dr. Oetker Puding premium pistáciový",
      "brand": "Dr. Oetker",
      "product_url": "https://wolt.com/cs/cze/prague/venue/albert-vinohradska/dr-oetker-puding-premium-pistaciovy-itemid-64ca0b7cba162577de489c3f",
      "image_url": "https://imageproxy.wolt.com/menu/menu-images/63ad795db242366d1f818f36/0723c29c-a8ea-11f0-a415-12840a14f60a_25388107.jpg",
      "categories": [
        "TRVANLIVÉ",
        "PEČENÍ A VAŘENÍ"
      ],
      "prices": [
        {
          "store_name": "Albert",
          "price": 19.9,
          "original_price": null,
          "unit_price": 497.5,
          "unit": "Kg",
          "package_size": "40 g",
          "condition": null
        }
      ],
      "description": null
    },
    {
      "name": "Česká chuť Pikantní sýrová pomazánka",
      "brand": "Česká chuť",
      "product_url": "https://wolt.com/cs/cze/prague/venue/albert-vinohradska/ceska-chut-pikantni-syrova-pomazanka-itemid-64ca0b7cba162577de48955e",
      "image_url": "https://imageproxy.wolt.com/menu/menu-images/63ad795db242366d1f818f36/aed1691c-aef6-11ee-9664-6a468bdd5cb3_27355114.jpg",
      "categories": [
        "UZENINY A LAHŮDKY",
        "SALÁTY A POMAZÁNKY"
      ],
      "prices": [
        {
          "store_name": "Albert",
          "price": 76.9,
          "original_price": null,
          "unit_price": 192.25,
          "unit": "Kg",
          "package_size": "400 g",
          "condition": null
        }
      ],
      "description": null
    },
    {
      "name": "Tatra Kravík s banánovou příchutí",
      "brand": "Tatra",
      "product_url": "https://wolt.com/cs/cze/prague/venue/albert-vinohradska/tatra-kravik-s-bananovou-prichuti-itemid-657233256818b938df9486a6",
      "image_url": "https://imageproxy.wolt.com/menu/menu-images/64ffec4406cca0140dfab831/eec87d4c-8eaf-11ee-a940-f6745e48ee46_23583566.jpg",
      "categories": [
        "MLÉČNÉ A CHLAZENÉ",
        "MLÉČNÉ NÁPOJE"
      ],
      "prices": [
        {
          "store_name": "Albert",
          "price": 20.9,
          "original_price": null,
          "unit_price": 83.6,
          "unit": "l",
          "package_size": "250 ml",
          "condition": null
        }
      ],
      "description": null
    },
    {
      "name": "Nature's Promise Kids Bio pyré jablko, višeň",
      "brand": "Nature's Promise",
      "product_url": "https://wolt.com/cs/cze/prague/venue/albert-vinohradska/nature-s-promise-kids-bio-pyre-jablko-visen-itemid-64ca0b7cba162577de4888a9",
      "image_url": "https://imageproxy.wolt.com/menu/menu-images/64ffec4406cca0140dfab831/192e495c-8ec6-11ee-a44e-a6924885d1bf_27599051.jpg",
      "categories": [
        "DÍTĚ",
        "VÝŽIVA"
      ],
      "prices": [
        {
          "store_name": "Albert",
          "price": null,
          "original_price": null,
          "unit_price": 140.83,
          "unit": "Kg",
          "package_size": "120 g",
          "condition": "Sleva"
        }
      ],
      "description": null
    },
    {
      "name": "Rexona Sexy Bouquet Antiperspirant sprej",
      "brand": "Rexona",
      "product_url": "https://wolt.com/cs/cze/prague/venue/albert-vinohradska/rexona-sexy-bouquet-antiperspirant-sprej-itemid-64ca0b7cba162577de489843",
      "image_url": "https://imageproxy.wolt.com/menu/menu-images/64ffec4406cca0140dfab831/af869544-8eb2-11ee-88d5-2e13ed999a8b_24853910.jpg",
      "categories": [
        "DROGERIE A KOSMETIKA",
        "DEODORANTY"
      ],
      "prices": [
        {
          "store_name": "Albert",
          "price": 76.9,
          "original_price": null,
          "unit_price": 512.67,
          "unit": "l",
          "package_size": "150 ml",
          "condition": null
        }
      ],
      "description": null
    },
    {
      "name": "Hello Ovocná přesnídávka s meruňkami",
      "brand": "Hello",
      "product_url": "https://wolt.com/cs/cze/prague/venue/albert-vinohradska/hello-ovocna-presnidavka-s-merunkami-itemid-64ca0b7cba162577de4898ec",
      "image_url": "https://imageproxy.wolt.com/menu/menu-images/63ad795db242366d1f818f36/ce9fb3f6-7827-11f0-9753-2ad371a9efbd_27054048.jpg",
      "categories": [
        "DÍTĚ",
        "VÝŽIVA"
      ],
      "prices": [
        {
          "store_name": "Albert",
          "price": 11.9,
          "original_price": null,
          "unit_price": 59.5,
          "unit": "Kg",
          "package_size": "200 g",
          "condition": null
        }
      ],
      "description": null
    },
    {
      "name": "Grants Triple Wood whisky 40%",
      "brand": "Grants",
      "product_url": "https://wolt.com/cs/cze/prague/venue/albert-vinohradska/grants-triple-wood-whisky-40-itemid-64ca0b7cba162577de489cc4",
      "image_url": "https://imageproxy.wolt.com/menu/menu-images/64ffec4406cca0140dfab831/94d22d18-8eac-11ee-8e06-1240326ac0c2_20315320.jpg",
      "categories": [
        "NÁPOJE",
        "LIHOVINY"
      ],
      "prices": [
        {
          "store_name": "Albert",
          "price": 259.0,
          "original_price": null,
          "unit_price": 370.0,
          "unit": "l",
          "package_size": "700 ml, 40% alc",
          "condition": "18+, Vyprodáno"
        }
      ],
      "description": null
    },
    {
      "name": "Nature's Promise Věnečky žloutkové bez lepku",
      "brand": "Nature's Promise",
      "product_url": "https://wolt.com/cs/cze/prague/venue/albert-vinohradska/nature-s-promise-venecky-zloutkove-bez-lepku-itemid-657233256818b938df947cea",
      "image_url": "https://imageproxy.wolt.com/menu/menu-images/63ad795db242366d1f818f36/7f2b1384-3213-11ef-8da3-ce0915e3ba21_26850764.jpg",
      "categories": [
        "TRVANLIVÉ",
        "SLADKOSTI"
      ],
      "prices": [
        {
          "store_name": "Albert",
          "price": null,
          "original_price": null,
          "unit_price": 279.0,
          "unit": "Kg",
          "package_size": "100 g",
          "condition": "Sleva"
        }
      ],
      "description": null
    },
    {
      "name": "Robby Bubble Malina",
      "brand": "Robby",
      "product_url": "https://wolt.com/cs/cze/prague/venue/albert-vinohradska/robby-bubble-malina-itemid-64ca0b7cba162577de489bc3",
      "image_url": "https://imageproxy.wolt.com/menu/menu-images/64ffec4406cca0140dfab831/38beebf8-8eb4-11ee-8afa-16e6bf59122a_25267594.jpg",
      "categories": [
        "NÁPOJE",
        "DŽUSY A NEKTARY"
      ],
      "prices": [
        {
          "store_name": "Albert",
          "price": 84.9,
          "original_price": null,
          "unit_price": 113.2,
          "unit": "l",
          "package_size": "750 ml",
          "condition": null
        }
      ],
      "description": null
    },
    {
      "name": "Opavia BeBe Rodinné mléčné cereální sušenky",
      "brand": "Opavia",
      "product_url": "https://wolt.com/cs/cze/prague/venue/albert-vinohradska/opavia-bebe-rodinne-mlecne-cerealni-susenky-itemid-64ca0b7cba162577de489540",
      "image_url": "https://imageproxy.wolt.com/menu/menu-images/63ad795db242366d1f818f36/b5e12ea6-f8ef-11ef-bd88-463a8f59ca51_23153066.jpg",
      "categories": [
        "TRVANLIVÉ",
        "SLADKOSTI"
      ],
      "prices": [
        {
          "store_name": "Albert",
          "price": 21.9,
          "original_price": null,
          "unit_price": 168.46,
          "unit": "Kg",
          "package_size": "130 g",
          "condition": null
        }
      ],
      "description": null
    },
    {
      "name": "Albert Excellent Paštika hrubá se zeleným pepřem",
      "brand": "Albert Excellent",
      "product_url": "https://wolt.com/cs/cze/prague/venue/albert-vinohradska/albert-excellent-pastika-hruba-se-zelenym-peprem-itemid-657233256818b938df947862",
      "image_url": "https://imageproxy.wolt.com/menu/menu-images/64ffec4406cca0140dfab831/770fccae-8ec0-11ee-b5af-0ece4ee3fc04_27180006.jpg",
      "categories": [
        "UZENINY A LAHŮDKY",
        "PAŠTIKY"
      ],
      "prices": [
        {
          "store_name": "Albert",
          "price": 41.9,
          "original_price": null,
          "unit_price": 349.17,
          "unit": "Kg",
          "package_size": "120 g",
          "condition": null
        }
      ],
      "description": null
    },
    {
      "name": "Dream&Co Nanuky s mandlemi",
      "brand": "Dream&Co",
      "product_url": "https://wolt.com/cs/cze/prague/venue/albert-vinohradska/dream-co-nanuky-s-mandlemi-itemid-6876153a0c6218e9f3e5f44b",
      "image_url": "https://imageproxy.wolt.com/menu/menu-images/64b62ec5e5ab70cdc92e30f0/0be0a6be-616f-11f0-9ba4-9e4ecc6a11ec_27146989.jpg",
      "categories": [
        "MRAŽENÉ POTRAVINY",
        "ZMRZLINA A NANUKY"
      ],
      "prices": [
        {
          "store_name": "Albert",
          "price": 124.9,
          "original_price": null,
          "unit_price": 173.47,
          "unit": "l",
          "package_size": "720 ml",
          "condition": null
        }
      ],
      "description": null
    },
    {
      "name": "Lučina",
      "brand": "Lučina",
      "product_url": "https://wolt.com/cs/cze/prague/venue/albert-vinohradska/lucina-itemid-64ca0b7cba162577de4890ec",
      "image_url": "https://imageproxy.wolt.com/menu/menu-images/63ad795db242366d1f818f36/ed3476d2-7825-11f0-9f6b-e65ef114a51e_22999993.jpg",
      "categories": [
        "MLÉČNÉ A CHLAZENÉ",
        "SÝRY"
      ],
      "prices": [
        {
          "store_name": "Albert",
          "price": 46.9,
          "original_price": null,
          "unit_price": 390.83,
          "unit": "Kg",
          "package_size": "120 g",
          "condition": null
        }
      ],
      "description": null
    },
    {
      "name": "Albert Prostředek na nádobí balzám",
      "brand": "Albert",
      "product_url": "https://wolt.com/cs/cze/prague/venue/albert-vinohradska/albert-prostredek-na-nadobi-balzam-itemid-64ca0b7cba162577de4891fe",
      "image_url": "https://imageproxy.wolt.com/menu/menu-images/64ffec4406cca0140dfab831/4a6d8748-8ec7-11ee-9d77-eadfee8d92ce_27651209.jpg",
      "categories": [
        "DROGERIE A KOSMETIKA",
        "MYTÍ NÁDOBÍ"
      ],
      "prices": [
        {
          "store_name": "Albert",
          "price": 29.9,
          "original_price": null,
          "unit_price": 33.22,
          "unit": "l",
          "package_size": "900 ml",
          "condition": "Vyprodáno"
        }
      ],
      "description": null
    },
    {
      "name": "LD Pink",
      "brand": "LD",
      "product_url": "https://wolt.com/cs/cze/prague/venue/albert-vinohradska/ld-pink-itemid-64ca0b7cba162577de488bcf",
      "image_url": "https://imageproxy.wolt.com/menu/menu-images/64ffec4406cca0140dfab831/f85fa014-8eb5-11ee-84fb-7217cc85b990_25665406.jpg",
      "categories": [
        "DOMÁCNOST A ZAHRADA",
        "CIGARETY"
      ],
      "prices": [
        {
          "store_name": "Albert",
          "price": 157.0,
          "original_price": null,
          "unit_price": 157.0,
          "unit": "ks",
          "package_size": "‪1‬ kus",
          "condition": "18+"
        }
      ],
      "description": null
    },
    {
      "name": "Hello Ovocná přesnídávka s hruškami",
      "brand": "Hello",
      "product_url": "https://wolt.com/cs/cze/prague/venue/albert-vinohradska/hello-ovocna-presnidavka-s-hruskami-itemid-6601eca8ed30282a76558f3b",
      "image_url": "https://imageproxy.wolt.com/menu/menu-images/63ad795db242366d1f818f36/cc9bb1ea-7827-11f0-85b4-2ad371a9efbd_27054017.jpg",
      "categories": [
        "DÍTĚ",
        "VÝŽIVA"
      ],
      "prices": [
        {
          "store_name": "Albert",
          "price": 7.9,
          "original_price": null,
          "unit_price": 79.0,
          "unit": "Kg",
          "package_size": "100 g",
          "condition": null
        }
      ],
      "description": null
    },
    {
      "name": "Nestlé Cornflakes med a arašídy",
      "brand": "Nestlé",
      "product_url": "https://wolt.com/cs/cze/prague/venue/albert-vinohradska/nestle-cornflakes-med-a-arasidy-itemid-64ca0b7cba162577de489a64",
      "image_url": "https://imageproxy.wolt.com/menu/menu-images/64ffec4406cca0140dfab831/c68eb658-8eb8-11ee-a97d-b6ff72c7a500_26258058.jpg",
      "categories": [
        "TRVANLIVÉ",
        "MÜSLI A CEREÁLIE"
      ],
      "prices": [
        {
          "store_name": "Albert",
          "price": 114.9,
          "original_price": null,
          "unit_price": 255.33,
          "unit": "Kg",
          "package_size": "450 g",
          "condition": null
        }
      ],
      "description": null
    },
    {
      "name": "Woolite Keratin Therapy Na černé a tmavé prádlo",
      "brand": "Woolite",
      "product_url": "https://wolt.com/cs/cze/prague/venue/albert-vinohradska/woolite-keratin-therapy-na-cerne-a-tmave-pradlo-itemid-681b5abffcbd67bf7a8f4b18",
      "image_url": "https://imageproxy.wolt.com/menu/menu-images/6745ec28c3b7723db3588430/5a9d1780-eb01-11f0-9f19-a223feb67373_23676770.jpg",
      "categories": [
        "DROGERIE A KOSMETIKA",
        "PRACÍ PROSTŘEDKY"
      ],
      "prices": [
        {
          "store_name": "Albert",
          "price": null,
          "original_price": null,
          "unit_price": 3.64,
          "unit": "ks",
          "package_size": "‪45‬ kusů",
          "condition": "Sleva, Vyprodáno"
        }
      ],
      "description": null
    },
    {
      "name": "Chléb mistrovský",
      "brand": "Chléb",
      "product_url": "https://wolt.com/cs/cze/prague/venue/albert-vinohradska/chleb-mistrovsky-itemid-657233256818b938df9478f4",
      "image_url": "https://imageproxy.wolt.com/menu/menu-images/64ffec4406cca0140dfab831/bd55801a-8ebf-11ee-a561-5e4e081b1cfc_27131466.jpg",
      "categories": [
        "PEKÁRNA A CUKRÁRNA",
        "CHLÉB VOLNÝ"
      ],
      "prices": [
        {
          "store_name": "Albert",
          "price": 43.9,
          "original_price": null,
          "unit_price": 54.88,
          "unit": "Kg",
          "package_size": "800 g",
          "condition": null
        }
      ],
      "description": null
    },
    {
      "name": "Bon Pari Premium lesní směs",
      "brand": "Bon",
      "product_url": "https://wolt.com/cs/cze/prague/venue/albert-vinohradska/bon-pari-premium-lesni-smes-itemid-64ca0b7cba162577de48960b",
      "image_url": "https://imageproxy.wolt.com/menu/menu-images/64ffec4406cca0140dfab831/498bf0bc-8eae-11ee-8aaa-3a6355b6d69b_22091390.jpg",
      "categories": [
        "TRVANLIVÉ",
        "SLADKOSTI"
      ],
      "prices": [
        {
          "store_name": "Albert",
          "price": 19.9,
          "original_price": null,
          "unit_price": 221.11,
          "unit": "Kg",
          "package_size": "90 g",
          "condition": null
        }
      ],
      "description": null
    },
    {
      "name": "Kinzan Shoyu japonská sójová omáčka",
      "brand": "Kinzan",
      "product_url": "https://wolt.com/cs/cze/prague/venue/albert-vinohradska/kinzan-shoyu-japonska-sojova-omacka-itemid-64ca0b7cba162577de489bc0",
      "image_url": "https://imageproxy.wolt.com/menu/menu-images/64ffec4406cca0140dfab831/d07554ca-8eb2-11ee-b515-7a4dcb26504b_24889520.jpg",
      "categories": [
        "TRVANLIVÉ",
        "MEZINÁRODNÍ KUCHYNĚ"
      ],
      "prices": [
        {
          "store_name": "Albert",
          "price": 89.9,
          "original_price": null,
          "unit_price": 179.8,
          "unit": "l",
          "package_size": "500 ml",
          "condition": null
        }
      ],
      "description": null
    },
    {
      "name": "Franz Josef Kaiser Tuňák v olivovém oleji",
      "brand": "Franz Josef Kaiser",
      "product_url": "https://wolt.com/cs/cze/prague/venue/albert-vinohradska/franz-josef-kaiser-tunak-v-olivovem-oleji-itemid-64ca0b7cba162577de48a401",
      "image_url": "https://imageproxy.wolt.com/menu/menu-images/63ad795db242366d1f818f36/2a3853f6-ad8b-11f0-9940-9aff4e19ad74_27636749.jpg",
      "categories": [
        "TRVANLIVÉ",
        "KONZERVOVANÉ POTR."
      ],
      "prices": [
        {
          "store_name": "Albert",
          "price": 29.9,
          "original_price": null,
          "unit_price": 498.33,
          "unit": "Kg",
          "package_size": "60 g",
          "condition": null
        }
      ],
      "description": null
    },
    {
      "name": "Kuřecí játra",
      "brand": null,
      "product_url": "https://wolt.com/cs/cze/prague/venue/albert-vinohradska/kureci-jatra-itemid-64ca0b7cba162577de48868d",
      "image_url": "https://imageproxy.wolt.com/menu/menu-images/64ffec4406cca0140dfab831/f521fe8a-8ec2-11ee-8a20-f20dec45ea3c_27341513.jpg",
      "categories": [
        "MASO A RYBY",
        "DRŮBEŽ"
      ],
      "prices": [
        {
          "store_name": "Albert",
          "price": 49.9,
          "original_price": null,
          "unit_price": 99.8,
          "unit": "Kg",
          "package_size": "500 g",
          "condition": null
        }
      ],
      "description": null
    },
    {
      "name": "Kinder Mléčný řez",
      "brand": "Kinder",
      "product_url": "https://wolt.com/cs/cze/prague/venue/albert-vinohradska/kinder-mlecny-rez-itemid-64ca0b7cba162577de4892b1",
      "image_url": "https://imageproxy.wolt.com/menu/menu-images/63ad795db242366d1f818f36/73603de4-bbe4-11ef-91a4-f26a16068083_25537598.jpg",
      "categories": [
        "MLÉČNÉ A CHLAZENÉ",
        "JOGURTY A DEZERTY"
      ],
      "prices": [
        {
          "store_name": "Albert",
          "price": null,
          "original_price": null,
          "unit_price": 449.29,
          "unit": "Kg",
          "package_size": "140 g",
          "condition": "Sleva"
        }
      ],
      "description": null
    },
    {
      "name": "Krušovice Královsky ležák světlý",
      "brand": "Krušovice",
      "product_url": "https://wolt.com/cs/cze/prague/venue/albert-vinohradska/krusovice-kralovsky-lezak-svetly-itemid-64ca0b7cba162577de48a29c",
      "image_url": "https://imageproxy.wolt.com/menu/menu-images/63ad795db242366d1f818f36/4681491a-1c04-11ef-b6a0-326b7e7964bd_26544380.jpg",
      "categories": [
        "NÁPOJE",
        "PIVA"
      ],
      "prices": [
        {
          "store_name": "Albert",
          "price": 58.9,
          "original_price": null,
          "unit_price": 39.27,
          "unit": "l",
          "package_size": "1,5 l, 5% alc",
          "condition": "18+"
        }
      ],
      "description": null
    },
    {
      "name": "Lišácké jablko Cider",
      "brand": "Lišácké",
      "product_url": "https://wolt.com/cs/cze/prague/venue/albert-vinohradska/lisacke-jablko-cider-itemid-64ca0b7cba162577de48908a",
      "image_url": "https://imageproxy.wolt.com/menu/menu-images/64ffec4406cca0140dfab831/c396c8d8-8ebc-11ee-979a-96535512cf58_26867007.jpg",
      "categories": [
        "NÁPOJE",
        "CIDERY"
      ],
      "prices": [
        {
          "store_name": "Albert",
          "price": 27.9,
          "original_price": null,
          "unit_price": 55.8,
          "unit": "l",
          "package_size": "500 ml, 4,5% alc",
          "condition": "18+"
        }
      ],
      "description": null
    },
    {
      "name": "Hamé Matěj",
      "brand": "Hamé",
      "product_url": "https://wolt.com/cs/cze/prague/venue/albert-vinohradska/hame-matej-itemid-657233256818b938df948530",
      "image_url": "https://imageproxy.wolt.com/menu/menu-images/64ffec4406cca0140dfab831/7ecd91dc-8ead-11ee-8b18-aa21438df9a4_20787271.jpg",
      "categories": [
        "UZENINY A LAHŮDKY",
        "LAHŮDKY"
      ],
      "prices": [
        {
          "store_name": "Albert",
          "price": 47.9,
          "original_price": null,
          "unit_price": 399.17,
          "unit": "Kg",
          "package_size": "120 g",
          "condition": null
        }
      ],
      "description": null
    },
    {
      "name": "Kempy Lečo s uzeninou",
      "brand": "Kempy",
      "product_url": "https://wolt.com/cs/cze/prague/venue/albert-vinohradska/kempy-leco-s-uzeninou-itemid-64ca0b7cba162577de489200",
      "image_url": "https://imageproxy.wolt.com/menu/menu-images/64ffec4406cca0140dfab831/b73e7900-8ec1-11ee-9b15-6aec994b6205_27258163.jpg",
      "categories": [
        "TRVANLIVÉ",
        "KONZERVOVANÉ POTR."
      ],
      "prices": [
        {
          "store_name": "Albert",
          "price": 74.9,
          "original_price": null,
          "unit_price": 187.25,
          "unit": "Kg",
          "package_size": "400 g",
          "condition": null
        }
      ],
      "description": null
    },
    {
      "name": "Fa Men Xtreme sprchový gel Sport Energy 3v1",
      "brand": "Fa",
      "product_url": "https://wolt.com/cs/cze/prague/venue/albert-vinohradska/fa-men-xtreme-sprchovy-gel-sport-energy-3v1-itemid-64ca0b7cba162577de488f1d",
      "image_url": "https://imageproxy.wolt.com/menu/menu-images/6745ec28c3b7723db3588430/5a9c5976-eb01-11f0-8a65-36dcc0e4ce24_25453263.jpg",
      "categories": [
        "DROGERIE A KOSMETIKA",
        "MÝDLA A GELY"
      ],
      "prices": [
        {
          "store_name": "Albert",
          "price": 69.9,
          "original_price": null,
          "unit_price": 279.6,
          "unit": "l",
          "package_size": "250 ml",
          "condition": null
        }
      ],
      "description": null
    },
    {
      "name": "Emma Cornflakes",
      "brand": "Emma",
      "product_url": "https://wolt.com/cs/cze/prague/venue/albert-vinohradska/emma-cornflakes-itemid-64ca0b7cba162577de488bef",
      "image_url": "https://imageproxy.wolt.com/menu/menu-images/63ad795db242366d1f818f36/d12cf520-7827-11f0-9e57-cad3cc276e48_27123522.jpg",
      "categories": [
        "TRVANLIVÉ",
        "MÜSLI A CEREÁLIE"
      ],
      "prices": [
        {
          "store_name": "Albert",
          "price": 69.9,
          "original_price": null,
          "unit_price": 69.9,
          "unit": "Kg",
          "package_size": "1 kg",
          "condition": null
        }
      ],
      "description": null
    },
    {
      "name": "L'Oréal Paris Elseve Color Vive balzám",
      "brand": "L'Oréal",
      "product_url": "https://wolt.com/cs/cze/prague/venue/albert-vinohradska/l-oreal-paris-elseve-color-vive-balzam-itemid-657233256818b938df947e84",
      "image_url": "https://imageproxy.wolt.com/menu/menu-images/64ffec4406cca0140dfab831/d5e7aa16-8ead-11ee-baba-361f92ce8d2c_21356216.jpg",
      "categories": [
        "DROGERIE A KOSMETIKA",
        "PÉČE O VLASY"
      ],
      "prices": [
        {
          "store_name": "Albert",
          "price": 119.9,
          "original_price": null,
          "unit_price": 599.5,
          "unit": "l",
          "package_size": "200 ml",
          "condition": null
        }
      ],
      "description": null
    },
    {
      "name": "Kitbis Žvýkačky Watermelon",
      "brand": "Kitbis",
      "product_url": "https://wolt.com/cs/cze/prague/venue/albert-vinohradska/kitbis-zvykacky-watermelon-itemid-6601e737ce2dd66775cd5ad8",
      "image_url": "https://imageproxy.wolt.com/menu/menu-images/63ad795db242366d1f818f36/edbf50ca-7827-11f0-81b8-46217a078f05_27652350.jpg",
      "categories": [
        "TRVANLIVÉ",
        "SLADKOSTI"
      ],
      "prices": [
        {
          "store_name": "Albert",
          "price": 25.9,
          "original_price": null,
          "unit_price": 454.39,
          "unit": "Kg",
          "package_size": "57 g",
          "condition": null
        }
      ],
      "description": null
    },
    {
      "name": "Ředkvičky svazek ks",
      "brand": "Ředkvičky",
      "product_url": "https://wolt.com/cs/cze/prague/venue/albert-vinohradska/redkvicky-svazek-ks-itemid-64ca0b7cba162577de4882d1",
      "image_url": "https://imageproxy.wolt.com/menu/menu-images/64ffec4406cca0140dfab831/0a3b8fcc-8ead-11ee-b942-1240326ac0c2_20451141.jpg",
      "categories": [
        "OVOCE A ZELENINA",
        "ZELENINA"
      ],
      "prices": [
        {
          "store_name": "Albert",
          "price": 12.9,
          "original_price": null,
          "unit_price": 12.9,
          "unit": "ks",
          "package_size": "‪1‬ kus",
          "condition": null
        }
      ],
      "description": null
    },
    {
      "name": "Kotányi mlýnek Pepř černý",
      "brand": "Kotányi",
      "product_url": "https://wolt.com/cs/cze/prague/venue/albert-vinohradska/kotanyi-mlynek-pepr-cerny-itemid-657233256818b938df947e18",
      "image_url": "https://imageproxy.wolt.com/menu/menu-images/64ffec4406cca0140dfab831/d1154b32-8eae-11ee-80d6-0aa88a212956_22842831.jpg",
      "categories": [
        "TRVANLIVÉ",
        "KOŘENÍ A OCHUCOVADLA"
      ],
      "prices": [
        {
          "store_name": "Albert",
          "price": null,
          "original_price": null,
          "unit_price": 1460.98,
          "unit": "Kg",
          "package_size": "41 g",
          "condition": "Sleva"
        }
      ],
      "description": null
    },
    {
      "name": "Giana Fazole červené",
      "brand": "Giana",
      "product_url": "https://wolt.com/cs/cze/prague/venue/albert-vinohradska/giana-fazole-cervene-itemid-64ca0b7cba162577de4883cb",
      "image_url": "https://imageproxy.wolt.com/menu/menu-images/63ad795db242366d1f818f36/44699292-e818-11ee-8638-520c54f38000_23157743.jpg",
      "categories": [
        "TRVANLIVÉ",
        "KONZERVOVANÉ POTR."
      ],
      "prices": [
        {
          "store_name": "Albert",
          "price": 21.9,
          "original_price": null,
          "unit_price": 91.25,
          "unit": "Kg",
          "package_size": "240 g",
          "condition": null
        }
      ],
      "description": null
    },
    {
      "name": "Nestlé Cookie crisp snídaňové cereálie",
      "brand": "Nestlé",
      "product_url": "https://wolt.com/cs/cze/prague/venue/albert-vinohradska/nestle-cookie-crisp-snidanove-cerealie-itemid-651c86b9a9eeab59acfecf36",
      "image_url": "https://imageproxy.wolt.com/menu/menu-images/64ffec4406cca0140dfab831/8d6ec132-8ec8-11ee-90a6-fec31b4d5ee4_27725917.jpg",
      "categories": [
        "TRVANLIVÉ",
        "MÜSLI A CEREÁLIE"
      ],
      "prices": [
        {
          "store_name": "Albert",
          "price": null,
          "original_price": null,
          "unit_price": 213.07,
          "unit": "Kg",
          "package_size": "375 g",
          "condition": "Sleva"
        }
      ],
      "description": null
    },
    {
      "name": "Athentikos jogurt bílý  jogurt bílý",
      "brand": "Athentikos",
      "product_url": "https://wolt.com/cs/cze/prague/venue/albert-vinohradska/athentikos-jogurt-bily-jogurt-bily-itemid-64ca0b7cba162577de48990c",
      "image_url": "https://imageproxy.wolt.com/menu/menu-images/64ffec4406cca0140dfab831/58b8f7ee-8ebb-11ee-ba44-8e381a14ed80_26766553.jpg",
      "categories": [
        "MLÉČNÉ A CHLAZENÉ",
        "JOGURTY A DEZERTY"
      ],
      "prices": [
        {
          "store_name": "Albert",
          "price": 39.9,
          "original_price": null,
          "unit_price": 99.75,
          "unit": "Kg",
          "package_size": "400 g",
          "condition": null
        }
      ],
      "description": null
    },
    {
      "name": "Bersi Sýrové koule",
      "brand": "Bersi",
      "product_url": "https://wolt.com/cs/cze/prague/venue/albert-vinohradska/bersi-syrove-koule-itemid-64ca0b7cba162577de489874",
      "image_url": "https://imageproxy.wolt.com/menu/menu-images/64ffec4406cca0140dfab831/668c60d4-8eb3-11ee-9779-22a8008f3216_25029796.jpg",
      "categories": [
        "TRVANLIVÉ",
        "SLANÉ"
      ],
      "prices": [
        {
          "store_name": "Albert",
          "price": 46.9,
          "original_price": null,
          "unit_price": 390.83,
          "unit": "Kg",
          "package_size": "120 g",
          "condition": null
        }
      ],
      "description": null
    },
    {
      "name": "Albert Jogurt smetanový borůvka",
      "brand": "Albert",
      "product_url": "https://wolt.com/cs/cze/prague/venue/albert-vinohradska/albert-jogurt-smetanovy-boruvka-itemid-64ca0b7cba162577de4881bb",
      "image_url": "https://imageproxy.wolt.com/menu/menu-images/64ffec4406cca0140dfab831/8b55bdf6-8eb4-11ee-bc69-1627932f216d_25348422.jpg",
      "categories": [
        "MLÉČNÉ A CHLAZENÉ",
        "JOGURTY A DEZERTY"
      ],
      "prices": [
        {
          "store_name": "Albert",
          "price": 12.9,
          "original_price": null,
          "unit_price": 86.0,
          "unit": "Kg",
          "package_size": "150 g",
          "condition": null
        }
      ],
      "description": null
    },
    {
      "name": "Royal Crown Cola",
      "brand": "Royal",
      "product_url": "https://wolt.com/cs/cze/prague/venue/albert-vinohradska/royal-crown-cola-itemid-64ca0b7cba162577de48956d",
      "image_url": "https://imageproxy.wolt.com/menu/menu-images/64ffec4406cca0140dfab831/f0933600-8ec6-11ee-a2b6-bed13653e197_27633175.jpg",
      "categories": [
        "NÁPOJE",
        "LIMONÁDY"
      ],
      "prices": [
        {
          "store_name": "Albert",
          "price": 26.9,
          "original_price": null,
          "unit_price": 20.23,
          "unit": "l",
          "package_size": "1,33 l",
          "condition": null
        }
      ],
      "description": null
    },
    {
      "name": "ĽOréal Paris Elseve Hyaluron balzám",
      "brand": "ĽOréal",
      "product_url": "https://wolt.com/cs/cze/prague/venue/albert-vinohradska/loreal-paris-elseve-hyaluron-balzam-itemid-660202a3768c18a3ba6f442d",
      "image_url": "https://imageproxy.wolt.com/menu/menu-images/6601c613e48d1c8d95333085/67812352-eae4-11ee-b0bd-26602bd55ff2_27574331.jpg",
      "categories": [
        "DROGERIE A KOSMETIKA",
        "PÉČE O VLASY"
      ],
      "prices": [
        {
          "store_name": "Albert",
          "price": 159.0,
          "original_price": null,
          "unit_price": 530.0,
          "unit": "l",
          "package_size": "300 ml",
          "condition": null
        }
      ],
      "description": null
    },
    {
      "name": "Albert Excellent Tapas Gouda mladá uleželá",
      "brand": "Albert Excellent",
      "product_url": "https://wolt.com/cs/cze/prague/venue/albert-vinohradska/albert-excellent-tapas-gouda-mlada-ulezela-itemid-64ca0b7cba162577de488a65",
      "image_url": "https://imageproxy.wolt.com/menu/menu-images/63ad795db242366d1f818f36/ac0380d6-be3e-11f0-954d-4eba1e29fd38_27597088.jpg",
      "categories": [
        "UZENINY A LAHŮDKY",
        "TAPAS"
      ],
      "prices": [
        {
          "store_name": "Albert",
          "price": 79.0,
          "original_price": null,
          "unit_price": 658.33,
          "unit": "Kg",
          "package_size": "120 g",
          "condition": null
        }
      ],
      "description": null
    },
    {
      "name": "Medovník originál",
      "brand": "Medovník",
      "product_url": "https://wolt.com/cs/cze/prague/venue/albert-vinohradska/medovnik-original-itemid-657233256818b938df947bb8",
      "image_url": "https://imageproxy.wolt.com/menu/menu-images/64ffec4406cca0140dfab831/b9f675da-8eb7-11ee-8082-c64f1deb8de2_26036229.jpg",
      "categories": [
        "PEKÁRNA A CUKRÁRNA",
        "SLADKÉ PEČIVO BALENÉ"
      ],
      "prices": [
        {
          "store_name": "Albert",
          "price": 44.9,
          "original_price": null,
          "unit_price": 345.38,
          "unit": "Kg",
          "package_size": "130 g",
          "condition": null
        }
      ],
      "description": null
    },
    {
      "name": "Nature's Promise Ovesné vločky bezlepkové",
      "brand": "Nature's Promise",
      "product_url": "https://wolt.com/cs/cze/prague/venue/albert-vinohradska/nature-s-promise-ovesne-vlocky-bezlepkove-itemid-64ca0b7cba162577de48980d",
      "image_url": "https://imageproxy.wolt.com/menu/menu-images/63ad795db242366d1f818f36/15cbeae2-9796-11ef-a680-fab9f58800a2_27107089.jpg",
      "categories": [
        "TRVANLIVÉ",
        "MÜSLI A CEREÁLIE"
      ],
      "prices": [
        {
          "store_name": "Albert",
          "price": null,
          "original_price": null,
          "unit_price": 119.6,
          "unit": "Kg",
          "package_size": "250 g",
          "condition": "Sleva"
        }
      ],
      "description": null
    },
    {
      "name": "Giana Rajčata loupaná pasírovaná",
      "brand": "Giana",
      "product_url": "https://wolt.com/cs/cze/prague/venue/albert-vinohradska/giana-rajcata-loupana-pasirovana-itemid-64ca0b7cba162577de488a25",
      "image_url": "https://imageproxy.wolt.com/menu/menu-images/63ad795db242366d1f818f36/b1048e68-b931-11ee-aef5-76fd8da553c1_25838831.jpg",
      "categories": [
        "TRVANLIVÉ",
        "KONZERVOVANÉ POTR."
      ],
      "prices": [
        {
          "store_name": "Albert",
          "price": 19.9,
          "original_price": null,
          "unit_price": 39.8,
          "unit": "Kg",
          "package_size": "500 g",
          "condition": null
        }
      ],
      "description": null
    },
    {
      "name": "Zelí pekingské",
      "brand": null,
      "product_url": "https://wolt.com/cs/cze/prague/venue/albert-vinohradska/zeli-pekingske-itemid-68b4ae2368c43f2f3394c560",
      "image_url": "https://imageproxy.wolt.com/menu/menu-images/6666a3a295b96e9eba377ef3/e114899e-04c3-11f0-8e9e-e6ba020275c5_20450199.jpg",
      "categories": [
        "OVOCE A ZELENINA",
        "ZELENINA"
      ],
      "prices": [
        {
          "store_name": "Albert",
          "price": 47.88,
          "original_price": null,
          "unit_price": null,
          "unit": null,
          "package_size": "~1,2 kg",
          "condition": null
        }
      ],
      "description": null
    },
    {
      "name": "Albert Žampiony bílé plátky",
      "brand": "Albert",
      "product_url": "https://wolt.com/cs/cze/prague/venue/albert-vinohradska/albert-zampiony-bile-platky-itemid-64ca0b7cba162577de48832d",
      "image_url": "https://imageproxy.wolt.com/menu/menu-images/64ffec4406cca0140dfab831/bca74f5c-8ead-11ee-93f3-ca969f421442_21190650.jpg",
      "categories": [
        "OVOCE A ZELENINA",
        "HOUBY"
      ],
      "prices": [
        {
          "store_name": "Albert",
          "price": 22.9,
          "original_price": null,
          "unit_price": 229.0,
          "unit": "Kg",
          "package_size": "100 g",
          "condition": null
        }
      ],
      "description": null
    },
    {
      "name": "Rama Crema na vaření 15%",
      "brand": "Rama",
      "product_url": "https://wolt.com/cs/cze/prague/venue/albert-vinohradska/rama-crema-na-vareni-15-itemid-64ca0b7cba162577de48a63b",
      "image_url": "https://imageproxy.wolt.com/menu/menu-images/64ffec4406cca0140dfab831/a196da2c-8ec9-11ee-8111-bea6474a380e_27751220.jpg",
      "categories": [
        "MLÉČNÉ A CHLAZENÉ",
        "ROSTLINNÉ PRODUKTY"
      ],
      "prices": [
        {
          "store_name": "Albert",
          "price": 31.9,
          "original_price": null,
          "unit_price": 159.5,
          "unit": "l",
          "package_size": "200 ml",
          "condition": null
        }
      ],
      "description": null
    },
    {
      "name": "Gustona Hranolky bramborové předsmažené",
      "brand": "Gustona",
      "product_url": "https://wolt.com/cs/cze/prague/venue/albert-vinohradska/gustona-hranolky-bramborove-predsmazene-itemid-6876153a0c6218e9f3e5f41a",
      "image_url": "https://imageproxy.wolt.com/menu/menu-images/64b62ec5e5ab70cdc92e30f0/ec3fcbf0-616e-11f0-91f5-2a715263ce6f_24880091.jpg",
      "categories": [
        "MRAŽENÉ POTRAVINY",
        "HRANOLKY"
      ],
      "prices": [
        {
          "store_name": "Albert",
          "price": 53.9,
          "original_price": null,
          "unit_price": 53.9,
          "unit": "Kg",
          "package_size": "1 kg",
          "condition": null
        }
      ],
      "description": null
    },
    {
      "name": "Tatra Máslo 82%",
      "brand": "Tatra",
      "product_url": "https://wolt.com/cs/cze/prague/venue/albert-vinohradska/tatra-maslo-82-itemid-64ca0b7cba162577de489153",
      "image_url": "https://imageproxy.wolt.com/menu/menu-images/64ffec4406cca0140dfab831/b5dc769c-8eb8-11ee-b9d5-2672547c66c2_26247038.jpg",
      "categories": [
        "MLÉČNÉ A CHLAZENÉ",
        "MÁSLO A TUKY"
      ],
      "prices": [
        {
          "store_name": "Albert",
          "price": 59.9,
          "original_price": null,
          "unit_price": 239.6,
          "unit": "Kg",
          "package_size": "250 g",
          "condition": null
        }
      ],
      "description": null
    },
    {
      "name": "Albert Pepř černý mletý",
      "brand": "Albert",
      "product_url": "https://wolt.com/cs/cze/prague/venue/albert-vinohradska/albert-pepr-cerny-mlety-itemid-64ca0b7cba162577de488865",
      "image_url": "https://imageproxy.wolt.com/menu/menu-images/64ffec4406cca0140dfab831/d940b8c2-8ec3-11ee-ac48-8a641e6c096e_27427781.jpg",
      "categories": [
        "TRVANLIVÉ",
        "KOŘENÍ A OCHUCOVADLA"
      ],
      "prices": [
        {
          "store_name": "Albert",
          "price": 19.9,
          "original_price": null,
          "unit_price": 398.0,
          "unit": "Kg",
          "package_size": "50 g",
          "condition": null
        }
      ],
      "description": null
    },
    {
      "name": "Nature's Promise Tofu uzené",
      "brand": "Nature's Promise",
      "product_url": "https://wolt.com/cs/cze/prague/venue/albert-vinohradska/nature-s-promise-tofu-uzene-itemid-64ca0b7cba162577de488d25",
      "image_url": "https://imageproxy.wolt.com/menu/menu-images/64ffec4406cca0140dfab831/46f2a41e-8ebc-11ee-8ac1-5e4e081b1cfc_26830742.jpg",
      "categories": [
        "MLÉČNÉ A CHLAZENÉ",
        "ROSTLINNÉ PRODUKTY"
      ],
      "prices": [
        {
          "store_name": "Albert",
          "price": null,
          "original_price": null,
          "unit_price": null,
          "unit": null,
          "package_size": null,
          "condition": "Sleva, Vyprodáno"
        }
      ],
      "description": null
    },
    {
      "name": "Parodontax Whitening zubní pasta s fluoridem",
      "brand": "Parodontax",
      "product_url": "https://wolt.com/cs/cze/prague/venue/albert-vinohradska/parodontax-whitening-zubni-pasta-s-fluoridem-itemid-64ca0b7cba162577de48a1eb",
      "image_url": "https://imageproxy.wolt.com/menu/menu-images/63ad795db242366d1f818f36/086efa66-0609-11ef-8ed7-1611b0f73157_26947099.jpg",
      "categories": [
        "DROGERIE A KOSMETIKA",
        "ÚSTNÍ HYGIENA"
      ],
      "prices": [
        {
          "store_name": "Albert",
          "price": 109.9,
          "original_price": null,
          "unit_price": 1465.33,
          "unit": "l",
          "package_size": "75 ml",
          "condition": null
        }
      ],
      "description": null
    },
    {
      "name": "Nature's Promise Acidofilní mléko",
      "brand": "Nature's Promise",
      "product_url": "https://wolt.com/cs/cze/prague/venue/albert-vinohradska/nature-s-promise-acidofilni-mleko-itemid-64ca0b7cba162577de488505",
      "image_url": "https://imageproxy.wolt.com/menu/menu-images/64ffec4406cca0140dfab831/09c960de-8ebf-11ee-841a-3a3bddbb56de_27086667.jpg",
      "categories": [
        "MLÉČNÉ A CHLAZENÉ",
        "MLÉČNÉ NÁPOJE"
      ],
      "prices": [
        {
          "store_name": "Albert",
          "price": 17.9,
          "original_price": null,
          "unit_price": 59.67,
          "unit": "Kg",
          "package_size": "300 g",
          "condition": null
        }
      ],
      "description": null
    },
    {
      "name": "Hellmann's Yofresh s jogurtem",
      "brand": "Hellmann's",
      "product_url": "https://wolt.com/cs/cze/prague/venue/albert-vinohradska/hellmann-s-yofresh-s-jogurtem-itemid-64ca0b7cba162577de489b70",
      "image_url": "https://imageproxy.wolt.com/menu/menu-images/64ffec4406cca0140dfab831/86c37c50-8ec4-11ee-8dd8-7639dadf697f_27477663.jpg",
      "categories": [
        "MLÉČNÉ A CHLAZENÉ",
        "MAJONÉZY A TATARKY"
      ],
      "prices": [
        {
          "store_name": "Albert",
          "price": 54.9,
          "original_price": null,
          "unit_price": 131.34,
          "unit": "Kg",
          "package_size": "418 g",
          "condition": null
        }
      ],
      "description": null
    },
    {
      "name": "Bohemia Tyčinky solené",
      "brand": "Bohemia",
      "product_url": "https://wolt.com/cs/cze/prague/venue/albert-vinohradska/bohemia-tycinky-solene-itemid-651c858d08353cd4436a5d11",
      "image_url": "https://imageproxy.wolt.com/menu/menu-images/6745ec28c3b7723db3588430/64ebbeb2-eb01-11f0-a317-aa62d882a86a_27772560.jpg",
      "categories": [
        "TRVANLIVÉ",
        "SLANÉ"
      ],
      "prices": [
        {
          "store_name": "Albert",
          "price": 29.9,
          "original_price": null,
          "unit_price": 373.75,
          "unit": "Kg",
          "package_size": "80 g",
          "condition": null
        }
      ],
      "description": null
    },
    {
      "name": "Pickwick Ovocné čaje variace",
      "brand": "Pickwick",
      "product_url": "https://wolt.com/cs/cze/prague/venue/albert-vinohradska/pickwick-ovocne-caje-variace-itemid-64ca0b7cba162577de488a03",
      "image_url": "https://imageproxy.wolt.com/menu/menu-images/64ffec4406cca0140dfab831/c2938bca-8eb1-11ee-a666-2672547c66c2_24524551.jpg",
      "categories": [
        "NÁPOJE",
        "KÁVA A ČAJ"
      ],
      "prices": [
        {
          "store_name": "Albert",
          "price": 32.9,
          "original_price": null,
          "unit_price": 889.19,
          "unit": "Kg",
          "package_size": "37 g",
          "condition": null
        }
      ],
      "description": null
    },
    {
      "name": "Nowaco Vlnky do trouby",
      "brand": "Nowaco",
      "product_url": "https://wolt.com/cs/cze/prague/venue/albert-vinohradska/nowaco-vlnky-do-trouby-itemid-6876153a0c6218e9f3e5f430",
      "image_url": "https://imageproxy.wolt.com/menu/menu-images/64b62ec5e5ab70cdc92e30f0/fa84a79e-616e-11f0-b994-6e4864e4ce79_25955958.jpg",
      "categories": [
        "MRAŽENÉ POTRAVINY",
        "HRANOLKY"
      ],
      "prices": [
        {
          "store_name": "Albert",
          "price": 77.9,
          "original_price": null,
          "unit_price": 103.87,
          "unit": "Kg",
          "package_size": "750 g",
          "condition": null
        }
      ],
      "description": null
    },
    {
      "name": "Mattoni Black Jemně perlivá černé plody",
      "brand": "Mattoni",
      "product_url": "https://wolt.com/cs/cze/prague/venue/albert-vinohradska/mattoni-black-jemne-perliva-cerne-plody-itemid-64ca0b7cba162577de4895b7",
      "image_url": "https://imageproxy.wolt.com/menu/menu-images/63ad795db242366d1f818f36/d14df90a-7827-11f0-aed6-a6c45597399a_27124758.jpg",
      "categories": [
        "NÁPOJE",
        "VODY A MINERÁLKY"
      ],
      "prices": [
        {
          "store_name": "Albert",
          "price": 14.9,
          "original_price": null,
          "unit_price": 9.93,
          "unit": "l",
          "package_size": "1,5 l",
          "condition": null
        }
      ],
      "description": null
    },
    {
      "name": "Milko Můj Skyr mango",
      "brand": "Milko",
      "product_url": "https://wolt.com/cs/cze/prague/venue/albert-vinohradska/milko-muj-skyr-mango-itemid-657233256818b938df948b4d",
      "image_url": "https://imageproxy.wolt.com/menu/menu-images/64ffec4406cca0140dfab831/f8a13880-8ec9-11ee-b149-8aa138b0fb4c_27767436.jpg",
      "categories": [
        "MLÉČNÉ A CHLAZENÉ",
        "JOGURTY A DEZERTY"
      ],
      "prices": [
        {
          "store_name": "Albert",
          "price": 21.9,
          "original_price": null,
          "unit_price": 168.46,
          "unit": "Kg",
          "package_size": "130 g",
          "condition": null
        }
      ],
      "description": null
    },
    {
      "name": "Viva Utopenci",
      "brand": "Viva",
      "product_url": "https://wolt.com/cs/cze/prague/venue/albert-vinohradska/viva-utopenci-itemid-64ca0b7cba162577de4898e6",
      "image_url": "https://imageproxy.wolt.com/menu/menu-images/64ffec4406cca0140dfab831/522189a6-8eb5-11ee-a0ea-f6f59196df47_25536867.jpg",
      "categories": [
        "TRVANLIVÉ",
        "KONZERVOVANÉ POTR."
      ],
      "prices": [
        {
          "store_name": "Albert",
          "price": 99.9,
          "original_price": null,
          "unit_price": 259.48,
          "unit": "Kg",
          "package_size": "385 g",
          "condition": null
        }
      ],
      "description": null
    },
    {
      "name": "Nature's Promise Bio Pastiňák",
      "brand": "Nature's Promise",
      "product_url": "https://wolt.com/cs/cze/prague/venue/albert-vinohradska/nature-s-promise-bio-pastinak-itemid-657233256818b938df947ad2",
      "image_url": "https://imageproxy.wolt.com/menu/menu-images/64ffec4406cca0140dfab831/9d543e3c-8ebf-11ee-b08e-62428f7ce5a3_27124833.jpg",
      "categories": [
        "OVOCE A ZELENINA",
        "ZELENINA"
      ],
      "prices": [
        {
          "store_name": "Albert",
          "price": 49.9,
          "original_price": null,
          "unit_price": 99.8,
          "unit": "Kg",
          "package_size": "500 g",
          "condition": "Vyprodáno"
        }
      ],
      "description": null
    },
    {
      "name": "Albert Ginger shot pomeranč a zázvor",
      "brand": "Albert",
      "product_url": "https://wolt.com/cs/cze/prague/venue/albert-vinohradska/albert-ginger-shot-pomeranc-a-zazvor-itemid-64ca0b7cba162577de489b15",
      "image_url": "https://imageproxy.wolt.com/menu/menu-images/63ad795db242366d1f818f36/caced040-0609-11ef-bc98-ca600b3a6cad_27698495.jpg",
      "categories": [
        "NÁPOJE",
        "DŽUSY A NEKTARY"
      ],
      "prices": [
        {
          "store_name": "Albert",
          "price": 42.9,
          "original_price": null,
          "unit_price": 238.33,
          "unit": "l",
          "package_size": "180 ml",
          "condition": "Vyprodáno"
        }
      ],
      "description": null
    },
    {
      "name": "Teekanne Černý čaj Earl Grey",
      "brand": "Teekanne",
      "product_url": "https://wolt.com/cs/cze/prague/venue/albert-vinohradska/teekanne-cerny-caj-earl-grey-itemid-64ca0b7cba162577de489847",
      "image_url": "https://imageproxy.wolt.com/menu/menu-images/63ad795db242366d1f818f36/ed34b5f2-7825-11f0-9143-3250991cad55_22999436.jpg",
      "categories": [
        "NÁPOJE",
        "KÁVA A ČAJ"
      ],
      "prices": [
        {
          "store_name": "Albert",
          "price": 39.9,
          "original_price": null,
          "unit_price": 1209.09,
          "unit": "Kg",
          "package_size": "33 g",
          "condition": null
        }
      ],
      "description": null
    },
    {
      "name": "HealthyCo Proteinella",
      "brand": "HealthyCo",
      "product_url": "https://wolt.com/cs/cze/prague/venue/albert-vinohradska/healthyco-proteinella-itemid-64ca0b7cba162577de48a1e5",
      "image_url": "https://imageproxy.wolt.com/menu/menu-images/64ffec4406cca0140dfab831/d8730c56-8ebe-11ee-8dfa-0e9fc0f27358_27069677.jpg",
      "categories": [
        "TRVANLIVÉ",
        "SPECIÁLNÍ"
      ],
      "prices": [
        {
          "store_name": "Albert",
          "price": null,
          "original_price": null,
          "unit_price": 499.5,
          "unit": "Kg",
          "package_size": "200 g",
          "condition": "Sleva"
        }
      ],
      "description": null
    },
    {
      "name": "Nivea Black & White Pure Antiperspirant sprej",
      "brand": "Nivea",
      "product_url": "https://wolt.com/cs/cze/prague/venue/albert-vinohradska/nivea-black-white-pure-antiperspirant-sprej-itemid-6601fc43a51e7fff8ad9c945",
      "image_url": "https://imageproxy.wolt.com/menu/menu-images/6601c613e48d1c8d95333085/a613d846-eae2-11ee-88bb-b61162878c08_25190045.jpg",
      "categories": [
        "DROGERIE A KOSMETIKA",
        "DEODORANTY"
      ],
      "prices": [
        {
          "store_name": "Albert",
          "price": 89.9,
          "original_price": null,
          "unit_price": 599.33,
          "unit": "l",
          "package_size": "150 ml",
          "condition": null
        }
      ],
      "description": null
    },
    {
      "name": "Nature's Promise Bio Máslo 82%",
      "brand": "Nature's Promise",
      "product_url": "https://wolt.com/cs/cze/prague/venue/albert-vinohradska/nature-s-promise-bio-maslo-82-itemid-64ca0b7cba162577de488d83",
      "image_url": "https://imageproxy.wolt.com/menu/menu-images/63ad795db242366d1f818f36/2e5b2470-ed44-11ef-bd95-ea86c9b52765_27478806.jpg",
      "categories": [
        "MLÉČNÉ A CHLAZENÉ",
        "MÁSLO A TUKY"
      ],
      "prices": [
        {
          "store_name": "Albert",
          "price": null,
          "original_price": null,
          "unit_price": 311.2,
          "unit": "Kg",
          "package_size": "125 g",
          "condition": "Sleva"
        }
      ],
      "description": null
    },
    {
      "name": "Albert Vejce z podestýlky, velikost M",
      "brand": "Albert",
      "product_url": "https://wolt.com/cs/cze/prague/venue/albert-vinohradska/albert-vejce-z-podestylky-velikost-m-itemid-64ca0b7cba162577de488fbb",
      "image_url": "https://imageproxy.wolt.com/menu/menu-images/64ffec4406cca0140dfab831/25552f20-8ead-11ee-833a-ca969f421442_20586232.jpg",
      "categories": [
        "MLÉČNÉ A CHLAZENÉ",
        "VEJCE A DROŽDÍ"
      ],
      "prices": [
        {
          "store_name": "Albert",
          "price": 79.9,
          "original_price": null,
          "unit_price": 7.99,
          "unit": "ks",
          "package_size": "‪10‬ kusů",
          "condition": null
        }
      ],
      "description": null
    },
    {
      "name": "Nuevo Progreso Tortilla chips solené",
      "brand": "Nuevo",
      "product_url": "https://wolt.com/cs/cze/prague/venue/albert-vinohradska/nuevo-progreso-tortilla-chips-solene-itemid-64ca0b7cba162577de489e40",
      "image_url": "https://imageproxy.wolt.com/menu/menu-images/64ffec4406cca0140dfab831/fd082d8a-8eaf-11ee-a056-76e61dd676ec_23606753.jpg",
      "categories": [
        "TRVANLIVÉ",
        "MEZINÁRODNÍ KUCHYNĚ"
      ],
      "prices": [
        {
          "store_name": "Albert",
          "price": 139.9,
          "original_price": null,
          "unit_price": 349.75,
          "unit": "Kg",
          "package_size": "400 g",
          "condition": null
        }
      ],
      "description": null
    },
    {
      "name": "Emma Brusnice celé celé",
      "brand": "Emma",
      "product_url": "https://wolt.com/cs/cze/prague/venue/albert-vinohradska/emma-brusnice-cele-cele-itemid-64ca0b7cba162577de489b0d",
      "image_url": "https://imageproxy.wolt.com/menu/menu-images/63ad795db242366d1f818f36/2404370e-d671-11ee-9bbc-d2e642cd22b9_25156461.jpg",
      "categories": [
        "OVOCE A ZELENINA",
        "SUCHÉ PLODY"
      ],
      "prices": [
        {
          "store_name": "Albert",
          "price": 49.9,
          "original_price": null,
          "unit_price": 332.67,
          "unit": "Kg",
          "package_size": "150 g",
          "condition": null
        }
      ],
      "description": null
    },
    {
      "name": "Albert Tradiční pomazánkové pažitka",
      "brand": "Albert",
      "product_url": "https://wolt.com/cs/cze/prague/venue/albert-vinohradska/albert-tradicni-pomazankove-pazitka-itemid-64ca0b7cba162577de4891c3",
      "image_url": "https://imageproxy.wolt.com/menu/menu-images/64ffec4406cca0140dfab831/5a650cd6-8ec0-11ee-877f-963b628c98c7_27168097.jpg",
      "categories": [
        "MLÉČNÉ A CHLAZENÉ",
        "MÁSLO A TUKY"
      ],
      "prices": [
        {
          "store_name": "Albert",
          "price": 24.9,
          "original_price": null,
          "unit_price": 166.0,
          "unit": "Kg",
          "package_size": "150 g",
          "condition": null
        }
      ],
      "description": null
    },
    {
      "name": "Nature's Promise Vegan Burger",
      "brand": "Nature's Promise",
      "product_url": "https://wolt.com/cs/cze/prague/venue/albert-vinohradska/nature-s-promise-vegan-burger-itemid-64ca0b7cba162577de489733",
      "image_url": "https://imageproxy.wolt.com/menu/menu-images/64ffec4406cca0140dfab831/a860a56a-8ec2-11ee-8441-ce752cd7e428_27316733.jpg",
      "categories": [
        "MLÉČNÉ A CHLAZENÉ",
        "ROSTLINNÉ PRODUKTY"
      ],
      "prices": [
        {
          "store_name": "Albert",
          "price": 69.9,
          "original_price": null,
          "unit_price": 349.5,
          "unit": "Kg",
          "package_size": "200 g",
          "condition": null
        }
      ],
      "description": null
    },
    {
      "name": "Avelopa Tortellini sýr se sýrem",
      "brand": "Avelopa",
      "product_url": "https://wolt.com/cs/cze/prague/venue/albert-vinohradska/avelopa-tortellini-syr-se-syrem-itemid-6601e8a147f76d107bfe85a6",
      "image_url": "https://imageproxy.wolt.com/menu/menu-images/6601c613e48d1c8d95333085/b31cb95e-eae2-11ee-9996-b61162878c08_25471571.jpg",
      "categories": [
        "TRVANLIVÉ",
        "TĚSTOVINY A KUSKUS"
      ],
      "prices": [
        {
          "store_name": "Albert",
          "price": 52.9,
          "original_price": null,
          "unit_price": 211.6,
          "unit": "Kg",
          "package_size": "250 g",
          "condition": null
        }
      ],
      "description": null
    },
    {
      "name": "Garnier Micelární voda",
      "brand": "Garnier",
      "product_url": "https://wolt.com/cs/cze/prague/venue/albert-vinohradska/garnier-micelarni-voda-itemid-657233256818b938df9482c3",
      "image_url": "https://imageproxy.wolt.com/menu/menu-images/63ad795db242366d1f818f36/1fcb2620-d995-11ef-8085-3ee57e399ca2_27280485.jpg",
      "categories": [
        "DROGERIE A KOSMETIKA",
        "PÉČE O PLEŤ"
      ],
      "prices": [
        {
          "store_name": "Albert",
          "price": 229.0,
          "original_price": null,
          "unit_price": 327.14,
          "unit": "l",
          "package_size": "700 ml",
          "condition": null
        }
      ],
      "description": null
    },
    {
      "name": "Nature's Promise Bio Eidam 30% plátky",
      "brand": "Nature's Promise",
      "product_url": "https://wolt.com/cs/cze/prague/venue/albert-vinohradska/nature-s-promise-bio-eidam-30-platky-itemid-657233256818b938df948413",
      "image_url": "https://imageproxy.wolt.com/menu/menu-images/64ffec4406cca0140dfab831/f4ae2ae8-8eca-11ee-95e0-8a2356a84f6b_27793275.jpg",
      "categories": [
        "MLÉČNÉ A CHLAZENÉ",
        "SÝRY"
      ],
      "prices": [
        {
          "store_name": "Albert",
          "price": null,
          "original_price": null,
          "unit_price": 329.0,
          "unit": "Kg",
          "package_size": "100 g",
          "condition": "Sleva"
        }
      ],
      "description": null
    },
    {
      "name": "Coté Mas Merlot Pays D'oc",
      "brand": "Coté",
      "product_url": "https://wolt.com/cs/cze/prague/venue/albert-vinohradska/cote-mas-merlot-pays-d-oc-itemid-657233256818b938df948a1a",
      "image_url": "https://imageproxy.wolt.com/menu/menu-images/64ffec4406cca0140dfab831/b4cfd14c-8eca-11ee-b685-de55a5c8e569_27786789.jpg",
      "categories": [
        "NÁPOJE",
        "VÍNA"
      ],
      "prices": [
        {
          "store_name": "Albert",
          "price": null,
          "original_price": null,
          "unit_price": 198.53,
          "unit": "l",
          "package_size": "750 ml, 13,5% alc",
          "condition": "Sleva, 18+"
        }
      ],
      "description": null
    },
    {
      "name": "Kubík 100% multivitamín",
      "brand": "Kubík",
      "product_url": "https://wolt.com/cs/cze/prague/venue/albert-vinohradska/kubik-100-multivitamin-itemid-6601e94ee4ac0e5a178c1dbe",
      "image_url": "https://imageproxy.wolt.com/menu/menu-images/6601c613e48d1c8d95333085/2c146500-eae3-11ee-b8b0-4a7a54ed4665_26563596.jpg",
      "categories": [
        "NÁPOJE",
        "DŽUSY A NEKTARY"
      ],
      "prices": [
        {
          "store_name": "Albert",
          "price": 16.9,
          "original_price": null,
          "unit_price": 56.33,
          "unit": "l",
          "package_size": "300 ml",
          "condition": null
        }
      ],
      "description": null
    },
    {
      "name": "Jemča Zelený čaj s broskví",
      "brand": "Jemča",
      "product_url": "https://wolt.com/cs/cze/prague/venue/albert-vinohradska/jemca-zeleny-caj-s-broskvi-itemid-657233256818b938df9479a2",
      "image_url": "https://imageproxy.wolt.com/menu/menu-images/63ad795db242366d1f818f36/f0a7a60a-a8e9-11f0-bfd5-1af2ebd46e53_21506802.jpg",
      "categories": [
        "NÁPOJE",
        "KÁVA A ČAJ"
      ],
      "prices": [
        {
          "store_name": "Albert",
          "price": 28.9,
          "original_price": null,
          "unit_price": 963.33,
          "unit": "Kg",
          "package_size": "30 g",
          "condition": null
        }
      ],
      "description": null
    },
    {
      "name": "Milka Oreo Čokoláda mléčná se sušenkami",
      "brand": "Milka",
      "product_url": "https://wolt.com/cs/cze/prague/venue/albert-vinohradska/milka-oreo-cokolada-mlecna-se-susenkami-itemid-64ca0b7cba162577de48834f",
      "image_url": "https://imageproxy.wolt.com/menu/menu-images/64ffec4406cca0140dfab831/be5ce17e-8eb5-11ee-a3a4-96ff514b0205_25622263.jpg",
      "categories": [
        "TRVANLIVÉ",
        "SLADKOSTI"
      ],
      "prices": [
        {
          "store_name": "Albert",
          "price": null,
          "original_price": null,
          "unit_price": 299.0,
          "unit": "Kg",
          "package_size": "100 g",
          "condition": "Sleva"
        }
      ],
      "description": null
    },
    {
      "name": "Marlenka Kuličky medové",
      "brand": "Marlenka",
      "product_url": "https://wolt.com/cs/cze/prague/venue/albert-vinohradska/marlenka-kulicky-medove-itemid-657233256818b938df947ce7",
      "image_url": "https://imageproxy.wolt.com/menu/menu-images/63ad795db242366d1f818f36/7dc3e70e-bbe4-11ef-ab7e-ea9d0db48b93_25258394.jpg",
      "categories": [
        "PEKÁRNA A CUKRÁRNA",
        "SLADKÉ PEČIVO BALENÉ"
      ],
      "prices": [
        {
          "store_name": "Albert",
          "price": 149.9,
          "original_price": null,
          "unit_price": 651.74,
          "unit": "Kg",
          "package_size": "230 g",
          "condition": null
        }
      ],
      "description": null
    },
    {
      "name": "Česká chuť Jemně solené brambůrky",
      "brand": "Česká chuť",
      "product_url": "https://wolt.com/cs/cze/prague/venue/albert-vinohradska/ceska-chut-jemne-solene-bramburky-itemid-64ca0b7cba162577de48831d",
      "image_url": "https://imageproxy.wolt.com/menu/menu-images/64ffec4406cca0140dfab831/aca06f4e-8ebc-11ee-a535-1299365deb04_26857275.jpg",
      "categories": [
        "TRVANLIVÉ",
        "SLANÉ"
      ],
      "prices": [
        {
          "store_name": "Albert",
          "price": 38.9,
          "original_price": null,
          "unit_price": 259.33,
          "unit": "Kg",
          "package_size": "150 g",
          "condition": null
        }
      ],
      "description": null
    },
    {
      "name": "Albert Jogurt selský čokoláda",
      "brand": "Albert",
      "product_url": "https://wolt.com/cs/cze/prague/venue/albert-vinohradska/albert-jogurt-selsky-cokolada-itemid-64ca0b7cba162577de4883cf",
      "image_url": "https://imageproxy.wolt.com/menu/menu-images/64ffec4406cca0140dfab831/e6a15124-8eba-11ee-b0bc-662d260bbeaa_26692364.jpg",
      "categories": [
        "MLÉČNÉ A CHLAZENÉ",
        "JOGURTY A DEZERTY"
      ],
      "prices": [
        {
          "store_name": "Albert",
          "price": 13.9,
          "original_price": null,
          "unit_price": 77.22,
          "unit": "Kg",
          "package_size": "180 g",
          "condition": null
        }
      ],
      "description": null
    },
    {
      "name": "Emma Kakaové lupínky",
      "brand": "Emma",
      "product_url": "https://wolt.com/cs/cze/prague/venue/albert-vinohradska/emma-kakaove-lupinky-itemid-64ca0b7cba162577de4882f9",
      "image_url": "https://imageproxy.wolt.com/menu/menu-images/63ad795db242366d1f818f36/2a7bcf2a-d671-11ee-92a7-d2e642cd22b9_25738087.jpg",
      "categories": [
        "TRVANLIVÉ",
        "MÜSLI A CEREÁLIE"
      ],
      "prices": [
        {
          "store_name": "Albert",
          "price": 29.9,
          "original_price": null,
          "unit_price": 119.6,
          "unit": "Kg",
          "package_size": "250 g",
          "condition": "Vyprodáno"
        }
      ],
      "description": null
    },
    {
      "name": "Heinz Omáčka grilovací česneková",
      "brand": "Heinz",
      "product_url": "https://wolt.com/cs/cze/prague/venue/albert-vinohradska/heinz-omacka-grilovaci-cesnekova-itemid-64ca0b7cba162577de48a20a",
      "image_url": "https://imageproxy.wolt.com/menu/menu-images/64ffec4406cca0140dfab831/e73b80f0-8ebf-11ee-96e2-cae320ae1b7e_27141519.jpg",
      "categories": [
        "TRVANLIVÉ",
        "KEČUPY A HOŘČICE"
      ],
      "prices": [
        {
          "store_name": "Albert",
          "price": 68.9,
          "original_price": null,
          "unit_price": 313.18,
          "unit": "l",
          "package_size": "220 ml",
          "condition": null
        }
      ],
      "description": null
    },
    {
      "name": "Albert Excellent Jamón Serrano",
      "brand": "Albert Excellent",
      "product_url": "https://wolt.com/cs/cze/prague/venue/albert-vinohradska/albert-excellent-jamon-serrano-itemid-69309acd56094a48f214fd28",
      "image_url": "https://imageproxy.wolt.com/menu/menu-images/63ad795db242366d1f818f36/97571436-be3e-11f0-9260-f62c6fdba826_26626086.jpg",
      "categories": [
        "UZENINY A LAHŮDKY",
        "ŠUNKY A SLANINY"
      ],
      "prices": [
        {
          "store_name": "Albert",
          "price": 63.9,
          "original_price": null,
          "unit_price": 912.86,
          "unit": "Kg",
          "package_size": "70 g",
          "condition": null
        }
      ],
      "description": null
    },
    {
      "name": "Habánské sklepy Zweigeltrebe Rosé",
      "brand": "Habánské sklepy",
      "product_url": "https://wolt.com/cs/cze/prague/venue/albert-vinohradska/habanske-sklepy-zweigeltrebe-rose-itemid-64ca0b7cba162577de48883b",
      "image_url": "https://imageproxy.wolt.com/menu/menu-images/64ffec4406cca0140dfab831/6d76888a-8eb7-11ee-9376-36180384687e_25931907.jpg",
      "categories": [
        "NÁPOJE",
        "VÍNA"
      ],
      "prices": [
        {
          "store_name": "Albert",
          "price": 119.9,
          "original_price": null,
          "unit_price": 159.87,
          "unit": "l",
          "package_size": "750 ml, 11,5% alc",
          "condition": "18+"
        }
      ],
      "description": null
    },
    {
      "name": "Brit Premium Konzerva s hovězím a dršťkami",
      "brand": "Brit",
      "product_url": "https://wolt.com/cs/cze/prague/venue/albert-vinohradska/brit-premium-konzerva-s-hovezim-a-drstkami-itemid-657233256818b938df948b70",
      "image_url": "https://imageproxy.wolt.com/menu/menu-images/64ffec4406cca0140dfab831/8cc2f72e-8eca-11ee-b844-0294722b0773_27780701.jpg",
      "categories": [
        "ZVÍŘATA",
        "PSI"
      ],
      "prices": [
        {
          "store_name": "Albert",
          "price": 64.9,
          "original_price": null,
          "unit_price": 162.25,
          "unit": "Kg",
          "package_size": "400 g",
          "condition": null
        }
      ],
      "description": null
    },
    {
      "name": "Česká chuť Červená řepa kostky",
      "brand": "Česká chuť",
      "product_url": "https://wolt.com/cs/cze/prague/venue/albert-vinohradska/ceska-chut-cervena-repa-kostky-itemid-64ca0b7cba162577de48a26b",
      "image_url": "https://imageproxy.wolt.com/menu/menu-images/64ffec4406cca0140dfab831/8a77c120-8ebb-11ee-82b0-9ec5d8563a7d_26778754.jpg",
      "categories": [
        "TRVANLIVÉ",
        "KONZERVOVANÉ POTR."
      ],
      "prices": [
        {
          "store_name": "Albert",
          "price": 39.9,
          "original_price": null,
          "unit_price": 101.01,
          "unit": "Kg",
          "package_size": "395 g",
          "condition": null
        }
      ],
      "description": null
    },
    {
      "name": "Hello Imuno rakytník",
      "brand": "Hello",
      "product_url": "https://wolt.com/cs/cze/prague/venue/albert-vinohradska/hello-imuno-rakytnik-itemid-657233256818b938df948ac3",
      "image_url": "https://imageproxy.wolt.com/menu/menu-images/64ffec4406cca0140dfab831/a9a77ffc-8ec7-11ee-ac9c-2289f94b8ae4_27669747.jpg",
      "categories": [
        "NÁPOJE",
        "DŽUSY A NEKTARY"
      ],
      "prices": [
        {
          "store_name": "Albert",
          "price": null,
          "original_price": null,
          "unit_price": 36.9,
          "unit": "l",
          "package_size": "1 l",
          "condition": "Sleva"
        }
      ],
      "description": null
    },
    {
      "name": "Emma Chia semínka",
      "brand": "Emma",
      "product_url": "https://wolt.com/cs/cze/prague/venue/albert-vinohradska/emma-chia-seminka-itemid-64ca0b7cba162577de4889ab",
      "image_url": "https://imageproxy.wolt.com/menu/menu-images/63ad795db242366d1f818f36/04a33ffa-ed44-11ef-b729-0eab7759426c_26532363.jpg",
      "categories": [
        "OVOCE A ZELENINA",
        "SUCHÉ PLODY"
      ],
      "prices": [
        {
          "store_name": "Albert",
          "price": 56.9,
          "original_price": null,
          "unit_price": 227.6,
          "unit": "Kg",
          "package_size": "250 g",
          "condition": null
        }
      ],
      "description": null
    },
    {
      "name": "Mionetto Prosecco Rosé Extra Dry",
      "brand": "Mionetto",
      "product_url": "https://wolt.com/cs/cze/prague/venue/albert-vinohradska/mionetto-prosecco-rose-extra-dry-itemid-657233256818b938df947896",
      "image_url": "https://imageproxy.wolt.com/menu/menu-images/64ffec4406cca0140dfab831/5bcd9d68-8ebb-11ee-83e1-3a1814765055_26768649.jpg",
      "categories": [
        "NÁPOJE",
        "VÍNA"
      ],
      "prices": [
        {
          "store_name": "Albert",
          "price": 189.0,
          "original_price": null,
          "unit_price": 252.0,
          "unit": "l",
          "package_size": "750 ml, 11,5% alc",
          "condition": "18+"
        }
      ],
      "description": null
    },
    {
      "name": "Madeta Jihočeské pomazánkové bez příchutě",
      "brand": "Madeta",
      "product_url": "https://wolt.com/cs/cze/prague/venue/albert-vinohradska/madeta-jihoceske-pomazankove-bez-prichute-itemid-64ca0b7cba162577de488aeb",
      "image_url": "https://imageproxy.wolt.com/menu/menu-images/63ad795db242366d1f818f36/3df93f58-7826-11f0-aeff-3af5a556beee_26448909.jpg",
      "categories": [
        "MLÉČNÉ A CHLAZENÉ",
        "MÁSLO A TUKY"
      ],
      "prices": [
        {
          "store_name": "Albert",
          "price": null,
          "original_price": null,
          "unit_price": 199.33,
          "unit": "Kg",
          "package_size": "150 g",
          "condition": "Sleva"
        }
      ],
      "description": null
    },
    {
      "name": "Pringles Original",
      "brand": "Pringles",
      "product_url": "https://wolt.com/cs/cze/prague/venue/albert-vinohradska/pringles-original-itemid-64ca0b7cba162577de489464",
      "image_url": "https://imageproxy.wolt.com/menu/menu-images/6745ec28c3b7723db3588430/5a98a8ee-eb01-11f0-ba1e-1a57ad4acb8f_21659515.jpg",
      "categories": [
        "TRVANLIVÉ",
        "SLANÉ"
      ],
      "prices": [
        {
          "store_name": "Albert",
          "price": 89.9,
          "original_price": null,
          "unit_price": 544.85,
          "unit": "Kg",
          "package_size": "165 g",
          "condition": null
        }
      ],
      "description": null
    },
    {
      "name": "Madeta Primátor tavený sýr",
      "brand": "Madeta",
      "product_url": "https://wolt.com/cs/cze/prague/venue/albert-vinohradska/madeta-primator-taveny-syr-itemid-64ca0b7cba162577de489828",
      "image_url": "https://imageproxy.wolt.com/menu/menu-images/64ffec4406cca0140dfab831/a9016816-8ead-11ee-9499-361f92ce8d2c_20977160.jpg",
      "categories": [
        "MLÉČNÉ A CHLAZENÉ",
        "SÝRY"
      ],
      "prices": [
        {
          "store_name": "Albert",
          "price": 48.9,
          "original_price": null,
          "unit_price": 349.29,
          "unit": "Kg",
          "package_size": "140 g",
          "condition": null
        }
      ],
      "description": null
    },
    {
      "name": "Nestlé Trix dětské cereálie",
      "brand": "Nestlé",
      "product_url": "https://wolt.com/cs/cze/prague/venue/albert-vinohradska/nestle-trix-detske-cerealie-itemid-681b5abffcbd67bf7a8f4a6d",
      "image_url": "https://imageproxy.wolt.com/menu/menu-images/63ad795db242366d1f818f36/a613e88a-2b47-11f0-97d4-26adcdbea7f7_27944585.jpg",
      "categories": [
        "TRVANLIVÉ",
        "MÜSLI A CEREÁLIE"
      ],
      "prices": [
        {
          "store_name": "Albert",
          "price": 119.9,
          "original_price": null,
          "unit_price": 399.67,
          "unit": "Kg",
          "package_size": "300 g",
          "condition": null
        }
      ],
      "description": null
    },
    {
      "name": "Emma Špaldové lupínky jogurt, višeň",
      "brand": "Emma",
      "product_url": "https://wolt.com/cs/cze/prague/venue/albert-vinohradska/emma-spaldove-lupinky-jogurt-visen-itemid-64ca0b7cba162577de4897cc",
      "image_url": "https://imageproxy.wolt.com/menu/menu-images/63ad795db242366d1f818f36/359f67ea-9796-11ef-9900-52d66a765e83_26255262.jpg",
      "categories": [
        "TRVANLIVÉ",
        "MÜSLI A CEREÁLIE"
      ],
      "prices": [
        {
          "store_name": "Albert",
          "price": 39.9,
          "original_price": null,
          "unit_price": 159.6,
          "unit": "Kg",
          "package_size": "250 g",
          "condition": null
        }
      ],
      "description": null
    },
    {
      "name": "Carte d'Or Walnut",
      "brand": "Carte",
      "product_url": "https://wolt.com/cs/cze/prague/venue/albert-vinohradska/carte-d-or-walnut-itemid-6876153a0c6218e9f3e5f42d",
      "image_url": "https://imageproxy.wolt.com/menu/menu-images/64b62ec5e5ab70cdc92e30f0/d9533e8e-782d-11f0-87ea-b2a0dd4bf7db_25872484.jpg",
      "categories": [
        "MRAŽENÉ POTRAVINY",
        "ZMRZLINA A NANUKY"
      ],
      "prices": [
        {
          "store_name": "Albert",
          "price": 99.9,
          "original_price": null,
          "unit_price": 99.9,
          "unit": "l",
          "package_size": "1 l",
          "condition": null
        }
      ],
      "description": null
    },
    {
      "name": "Ahmad Tea Ovocný a bylinný čaj sladké jahody",
      "brand": "Ahmad",
      "product_url": "https://wolt.com/cs/cze/prague/venue/albert-vinohradska/ahmad-tea-ovocny-a-bylinny-caj-sladke-jahody-itemid-64ca0b7cba162577de48a521",
      "image_url": "https://imageproxy.wolt.com/menu/menu-images/64ffec4406cca0140dfab831/6ee04144-8ec0-11ee-acbb-f6a0c6fd1153_27172070.jpg",
      "categories": [
        "NÁPOJE",
        "KÁVA A ČAJ"
      ],
      "prices": [
        {
          "store_name": "Albert",
          "price": 194.0,
          "original_price": null,
          "unit_price": 1437.04,
          "unit": "Kg",
          "package_size": "135 g",
          "condition": null
        }
      ],
      "description": null
    },
    {
      "name": "Colgate Zubní kartáček Twister",
      "brand": "Colgate",
      "product_url": "https://wolt.com/cs/cze/prague/venue/albert-vinohradska/colgate-zubni-kartacek-twister-itemid-6601e3371ed0edb22dfcb6d5",
      "image_url": "https://imageproxy.wolt.com/menu/menu-images/6601c613e48d1c8d95333085/e3fae2c4-eae4-11ee-9f65-c27cc33af372_27727188.jpg",
      "categories": [
        "DROGERIE A KOSMETIKA",
        "ÚSTNÍ HYGIENA"
      ],
      "prices": [
        {
          "store_name": "Albert",
          "price": 82.9,
          "original_price": null,
          "unit_price": 20.73,
          "unit": "ks",
          "package_size": "‪4‬ kusů",
          "condition": null
        }
      ],
      "description": null
    },
    {
      "name": "Palette Color Creme kaštanová",
      "brand": "Palette",
      "product_url": "https://wolt.com/cs/cze/prague/venue/albert-vinohradska/palette-color-creme-kastanova-itemid-64ca0b7cba162577de489d6b",
      "image_url": "https://imageproxy.wolt.com/menu/menu-images/64ffec4406cca0140dfab831/c27a8256-8eb1-11ee-af7f-be8c16d2d45a_24511490.jpg",
      "categories": [
        "DROGERIE A KOSMETIKA",
        "PÉČE O VLASY"
      ],
      "prices": [
        {
          "store_name": "Albert",
          "price": 119.9,
          "original_price": null,
          "unit_price": 119.9,
          "unit": "ks",
          "package_size": "‪1‬ kus",
          "condition": null
        }
      ],
      "description": null
    },
    {
      "name": "Gran Moravia Extra tvrdý dlouhozrající sýr 32%",
      "brand": "Gran",
      "product_url": "https://wolt.com/cs/cze/prague/venue/albert-vinohradska/gran-moravia-extra-tvrdy-dlouhozrajici-syr-32-itemid-64ca0b7cba162577de4891d5",
      "image_url": "https://imageproxy.wolt.com/menu/menu-images/64ffec4406cca0140dfab831/8c8bb210-8eb5-11ee-bcbf-ca3c3355ab39_25580433.jpg",
      "categories": [
        "MLÉČNÉ A CHLAZENÉ",
        "SÝRY"
      ],
      "prices": [
        {
          "store_name": "Albert",
          "price": 69.9,
          "original_price": null,
          "unit_price": 699.0,
          "unit": "Kg",
          "package_size": "100 g",
          "condition": null
        }
      ],
      "description": null
    },
    {
      "name": "Guinness Draught Stout tmavý",
      "brand": "Guinness",
      "product_url": "https://wolt.com/cs/cze/prague/venue/albert-vinohradska/guinness-draught-stout-tmavy-itemid-657233256818b938df94850c",
      "image_url": "https://imageproxy.wolt.com/menu/menu-images/64ffec4406cca0140dfab831/d126c5bc-8ebb-11ee-b561-c60fee242f1d_26806174.jpg",
      "categories": [
        "NÁPOJE",
        "PIVA"
      ],
      "prices": [
        {
          "store_name": "Albert",
          "price": 69.9,
          "original_price": null,
          "unit_price": 158.86,
          "unit": "l",
          "package_size": "440 ml, 4,2% alc",
          "condition": "18+"
        }
      ],
      "description": null
    },
    {
      "name": "Hamé Veggie pomazánka Tatarák ze zeleniny",
      "brand": "Hamé",
      "product_url": "https://wolt.com/cs/cze/prague/venue/albert-vinohradska/hame-veggie-pomazanka-tatarak-ze-zeleniny-itemid-64ca0b7cba162577de4898c1",
      "image_url": "https://imageproxy.wolt.com/menu/menu-images/64ffec4406cca0140dfab831/1de161d4-8ec4-11ee-ab93-86f1953ceff6_27448229.jpg",
      "categories": [
        "TRVANLIVÉ",
        "KONZERVOVANÉ POTR."
      ],
      "prices": [
        {
          "store_name": "Albert",
          "price": 34.9,
          "original_price": null,
          "unit_price": 332.38,
          "unit": "Kg",
          "package_size": "105 g",
          "condition": null
        }
      ],
      "description": null
    },
    {
      "name": "Milka Mléčná čokoláda",
      "brand": "Milka",
      "product_url": "https://wolt.com/cs/cze/prague/venue/albert-vinohradska/milka-mlecna-cokolada-itemid-64ca0b7cba162577de488075",
      "image_url": "https://imageproxy.wolt.com/menu/menu-images/63ad795db242366d1f818f36/26d7aeea-0608-11ef-a039-163c715a0fda_20301323.jpg",
      "categories": [
        "TRVANLIVÉ",
        "SLADKOSTI"
      ],
      "prices": [
        {
          "store_name": "Albert",
          "price": null,
          "original_price": null,
          "unit_price": 332.22,
          "unit": "Kg",
          "package_size": "90 g",
          "condition": "Sleva"
        }
      ],
      "description": null
    },
    {
      "name": "Veselá Kráva Sýr a Křup pizza",
      "brand": "Veselá",
      "product_url": "https://wolt.com/cs/cze/prague/venue/albert-vinohradska/vesela-krava-syr-a-krup-pizza-itemid-657233256818b938df947883",
      "image_url": "https://imageproxy.wolt.com/menu/menu-images/64ffec4406cca0140dfab831/29bbbc7a-8eba-11ee-8c7e-c6aa6b123400_26579252.jpg",
      "categories": [
        "MLÉČNÉ A CHLAZENÉ",
        "SÝRY"
      ],
      "prices": [
        {
          "store_name": "Albert",
          "price": 69.9,
          "original_price": null,
          "unit_price": 499.29,
          "unit": "Kg",
          "package_size": "140 g",
          "condition": null
        }
      ],
      "description": null
    },
    {
      "name": "Nature's Promise Bio Müsli čokoláda a ořechy",
      "brand": "Nature's Promise",
      "product_url": "https://wolt.com/cs/cze/prague/venue/albert-vinohradska/nature-s-promise-bio-musli-cokolada-a-orechy-itemid-681b5abffcbd67bf7a8f49e5",
      "image_url": "https://imageproxy.wolt.com/menu/menu-images/63ad795db242366d1f818f36/a5fb7eda-2b47-11f0-b189-8ac8cf714c1b_27941256.jpg",
      "categories": [
        "TRVANLIVÉ",
        "MÜSLI A CEREÁLIE"
      ],
      "prices": [
        {
          "store_name": "Albert",
          "price": null,
          "original_price": null,
          "unit_price": 171.14,
          "unit": "Kg",
          "package_size": "350 g",
          "condition": "Sleva"
        }
      ],
      "description": null
    },
    {
      "name": "Nature’s Promise Bio Čaj mátový",
      "brand": "Nature’s",
      "product_url": "https://wolt.com/cs/cze/prague/venue/albert-vinohradska/nature-s-promise-bio-caj-matovy-itemid-64ca0b7cba162577de489115",
      "image_url": "https://imageproxy.wolt.com/menu/menu-images/63ad795db242366d1f818f36/aed11390-aef6-11ee-bcf6-56e6821ada17_27313787.jpg",
      "categories": [
        "NÁPOJE",
        "KÁVA A ČAJ"
      ],
      "prices": [
        {
          "store_name": "Albert",
          "price": null,
          "original_price": null,
          "unit_price": 1495.0,
          "unit": "Kg",
          "package_size": "20 g",
          "condition": "Sleva"
        }
      ],
      "description": null
    },
    {
      "name": "Jar Extra+ Prostředek na mytí nádobí, citrus",
      "brand": "Jar",
      "product_url": "https://wolt.com/cs/cze/prague/venue/albert-vinohradska/jar-extra-prostredek-na-myti-nadobi-citrus-itemid-657233256818b938df948b17",
      "image_url": "https://imageproxy.wolt.com/menu/menu-images/63ad795db242366d1f818f36/ee529722-9795-11ef-a899-9e0aed73a771_27596272.jpg",
      "categories": [
        "DROGERIE A KOSMETIKA",
        "ČISTÍCÍ PROSTŘEDKY"
      ],
      "prices": [
        {
          "store_name": "Albert",
          "price": 69.9,
          "original_price": null,
          "unit_price": 107.54,
          "unit": "l",
          "package_size": "650 ml",
          "condition": null
        }
      ],
      "description": null
    },
    {
      "name": "Domestos Extended Power dezinfekční přípravek",
      "brand": "Domestos",
      "product_url": "https://wolt.com/cs/cze/prague/venue/albert-vinohradska/domestos-extended-power-dezinfekcni-pripravek-itemid-64ca0b7cba162577de48866d",
      "image_url": "https://imageproxy.wolt.com/menu/menu-images/64ffec4406cca0140dfab831/893124da-8eae-11ee-b43b-1af7753b7a63_22503787.jpg",
      "categories": [
        "DROGERIE A KOSMETIKA",
        "ČISTÍCÍ PROSTŘEDKY"
      ],
      "prices": [
        {
          "store_name": "Albert",
          "price": 39.9,
          "original_price": null,
          "unit_price": 53.2,
          "unit": "l",
          "package_size": "750 ml",
          "condition": "Věkové omezení"
        }
      ],
      "description": null
    },
    {
      "name": "Birell Polotmavý nealkoholický",
      "brand": "Birell",
      "product_url": "https://wolt.com/cs/cze/prague/venue/albert-vinohradska/birell-polotmavy-nealkoholicky-itemid-64ca0b7cba162577de4886a7",
      "image_url": "https://imageproxy.wolt.com/menu/menu-images/63ad795db242366d1f818f36/cfbfb688-0608-11ef-a3f1-aeb974d10ab0_26736679.jpg",
      "categories": [
        "NÁPOJE",
        "PIVA"
      ],
      "prices": [
        {
          "store_name": "Albert",
          "price": 22.9,
          "original_price": null,
          "unit_price": 45.8,
          "unit": "l",
          "package_size": "500 ml, 0,5% alc",
          "condition": "Vyprodáno"
        }
      ],
      "description": null
    },
    {
      "name": "Nature's Promise Kids Tyčinka kakao a banán",
      "brand": "Nature's Promise",
      "product_url": "https://wolt.com/cs/cze/prague/venue/albert-vinohradska/nature-s-promise-kids-tycinka-kakao-a-banan-itemid-64ca0b7cba162577de4890fc",
      "image_url": "https://imageproxy.wolt.com/menu/menu-images/64ffec4406cca0140dfab831/bce5a3c4-8ec6-11ee-93e8-6aec994b6205_27620946.jpg",
      "categories": [
        "DÍTĚ",
        "VÝŽIVA"
      ],
      "prices": [
        {
          "store_name": "Albert",
          "price": null,
          "original_price": null,
          "unit_price": 451.52,
          "unit": "Kg",
          "package_size": "33 g",
          "condition": "Sleva"
        }
      ],
      "description": null
    },
    {
      "name": "La Bohéma Tuzemák 37,5%",
      "brand": "La Bohéma",
      "product_url": "https://wolt.com/cs/cze/prague/venue/albert-vinohradska/la-bohema-tuzemak-37-5-itemid-657233256818b938df948b09",
      "image_url": "https://imageproxy.wolt.com/menu/menu-images/64ffec4406cca0140dfab831/8f5db51c-8ec2-11ee-aec7-aafe14bdbae5_27306581.jpg",
      "categories": [
        "NÁPOJE",
        "LIHOVINY"
      ],
      "prices": [
        {
          "store_name": "Albert",
          "price": 284.0,
          "original_price": null,
          "unit_price": 284.0,
          "unit": "l",
          "package_size": "1 l, 37,5% alc",
          "condition": "18+"
        }
      ],
      "description": null
    },
    {
      "name": "Country Life Bio Sirup datlový",
      "brand": "Country",
      "product_url": "https://wolt.com/cs/cze/prague/venue/albert-vinohradska/country-life-bio-sirup-datlovy-itemid-64ca0b7cba162577de489748",
      "image_url": "https://imageproxy.wolt.com/menu/menu-images/64ffec4406cca0140dfab831/1de3729c-8ebc-11ee-8f23-a28724a7b713_26820477.jpg",
      "categories": [
        "TRVANLIVÉ",
        "PEČENÍ A VAŘENÍ"
      ],
      "prices": [
        {
          "store_name": "Albert",
          "price": null,
          "original_price": null,
          "unit_price": 251.6,
          "unit": "l",
          "package_size": "250 ml",
          "condition": "Sleva"
        }
      ],
      "description": null
    },
    {
      "name": "O.B. ProComfort Super tampóny",
      "brand": "O.B",
      "product_url": "https://wolt.com/cs/cze/prague/venue/albert-vinohradska/o-b-procomfort-super-tampony-itemid-64ca0b7cba162577de489f00",
      "image_url": "https://imageproxy.wolt.com/menu/menu-images/64ffec4406cca0140dfab831/9cbf6154-8eb0-11ee-b10f-2672547c66c2_23897502.jpg",
      "categories": [
        "DROGERIE A KOSMETIKA",
        "DÁMSKÉ HYG. POTŘEBY"
      ],
      "prices": [
        {
          "store_name": "Albert",
          "price": 89.9,
          "original_price": null,
          "unit_price": 5.62,
          "unit": "ks",
          "package_size": "‪16‬ kusů",
          "condition": null
        }
      ],
      "description": null
    },
    {
      "name": "Zanetti Parmigiano  Reggiano strouhané",
      "brand": "Zanetti",
      "product_url": "https://wolt.com/cs/cze/prague/venue/albert-vinohradska/zanetti-parmigiano-reggiano-strouhane-itemid-657233256818b938df947a4f",
      "image_url": "https://imageproxy.wolt.com/menu/menu-images/64ffec4406cca0140dfab831/ac3660b4-8eb1-11ee-b61f-166df9adf1b7_24485784.jpg",
      "categories": [
        "MLÉČNÉ A CHLAZENÉ",
        "SÝRY"
      ],
      "prices": [
        {
          "store_name": "Albert",
          "price": 49.9,
          "original_price": null,
          "unit_price": 1247.5,
          "unit": "Kg",
          "package_size": "40 g",
          "condition": null
        }
      ],
      "description": null
    },
    {
      "name": "Relax Víčko mango",
      "brand": "Relax",
      "product_url": "https://wolt.com/cs/cze/prague/venue/albert-vinohradska/relax-vicko-mango-itemid-64ca0b7cba162577de489f9f",
      "image_url": "https://imageproxy.wolt.com/menu/menu-images/64ffec4406cca0140dfab831/8e78dba2-8eba-11ee-90b4-ca3c3355ab39_26637891.jpg",
      "categories": [
        "NÁPOJE",
        "DŽUSY A NEKTARY"
      ],
      "prices": [
        {
          "store_name": "Albert",
          "price": 25.9,
          "original_price": null,
          "unit_price": 103.6,
          "unit": "l",
          "package_size": "250 ml",
          "condition": null
        }
      ],
      "description": null
    },
    {
      "name": "Toffifee",
      "brand": "Toffifee",
      "product_url": "https://wolt.com/cs/cze/prague/venue/albert-vinohradska/toffifee-itemid-64ca0b7cba162577de488239",
      "image_url": "https://imageproxy.wolt.com/menu/menu-images/63ad795db242366d1f818f36/c1102916-7825-11f0-84fc-f287b2bda815_20301958.jpg",
      "categories": [
        "TRVANLIVÉ",
        "SLADKOSTI"
      ],
      "prices": [
        {
          "store_name": "Albert",
          "price": 54.9,
          "original_price": null,
          "unit_price": 439.2,
          "unit": "Kg",
          "package_size": "125 g",
          "condition": null
        }
      ],
      "description": null
    },
    {
      "name": "Gustona Rajčata krájená",
      "brand": "Gustona",
      "product_url": "https://wolt.com/cs/cze/prague/venue/albert-vinohradska/gustona-rajcata-krajena-itemid-64ca0b7cba162577de48931b",
      "image_url": "https://imageproxy.wolt.com/menu/menu-images/63ad795db242366d1f818f36/bdfdbfbc-5efa-11ef-a1ba-b2e6b1f742b8_24155472.jpg",
      "categories": [
        "TRVANLIVÉ",
        "KONZERVOVANÉ POTR."
      ],
      "prices": [
        {
          "store_name": "Albert",
          "price": 24.9,
          "original_price": null,
          "unit_price": 103.75,
          "unit": "Kg",
          "package_size": "240 g",
          "condition": null
        }
      ],
      "description": null
    },
    {
      "name": "Mlékárna Otinoves Sýr Niva Extra",
      "brand": "Mlékárna",
      "product_url": "https://wolt.com/cs/cze/prague/venue/albert-vinohradska/mlekarna-otinoves-syr-niva-extra-itemid-64ca0b7cba162577de488419",
      "image_url": "https://imageproxy.wolt.com/menu/menu-images/64ffec4406cca0140dfab831/c23750ec-8ebd-11ee-ab35-024d5631d362_26965284.jpg",
      "categories": [
        "MLÉČNÉ A CHLAZENÉ",
        "SÝRY"
      ],
      "prices": [
        {
          "store_name": "Albert",
          "price": 27.9,
          "original_price": null,
          "unit_price": 279.0,
          "unit": "Kg",
          "package_size": "100 g",
          "condition": null
        }
      ],
      "description": null
    },
    {
      "name": "Kempy Paštika vepřová s příchutí pepře",
      "brand": "Kempy",
      "product_url": "https://wolt.com/cs/cze/prague/venue/albert-vinohradska/kempy-pastika-veprova-s-prichuti-pepre-itemid-64ca0b7cba162577de48972b",
      "image_url": "https://imageproxy.wolt.com/menu/menu-images/64ffec4406cca0140dfab831/3769f0fa-8ec2-11ee-a6a8-5e8c96b8dcdd_27287750.jpg",
      "categories": [
        "TRVANLIVÉ",
        "KONZERVOVANÉ POTR."
      ],
      "prices": [
        {
          "store_name": "Albert",
          "price": 14.9,
          "original_price": null,
          "unit_price": 149.0,
          "unit": "Kg",
          "package_size": "100 g",
          "condition": null
        }
      ],
      "description": null
    },
    {
      "name": "Haribo Pico Balla Ovocné cukrovinky",
      "brand": "Haribo",
      "product_url": "https://wolt.com/cs/cze/prague/venue/albert-vinohradska/haribo-pico-balla-ovocne-cukrovinky-itemid-64ca0b7cba162577de488579",
      "image_url": "https://imageproxy.wolt.com/menu/menu-images/64ffec4406cca0140dfab831/4ce645b0-8ec6-11ee-b883-66f80a096b2a_27607763.jpg",
      "categories": [
        "TRVANLIVÉ",
        "SLADKOSTI"
      ],
      "prices": [
        {
          "store_name": "Albert",
          "price": 24.9,
          "original_price": null,
          "unit_price": 311.25,
          "unit": "Kg",
          "package_size": "80 g",
          "condition": null
        }
      ],
      "description": null
    },
    {
      "name": "Naturella Camomile Normal Intimky",
      "brand": "Naturella",
      "product_url": "https://wolt.com/cs/cze/prague/venue/albert-vinohradska/naturella-camomile-normal-intimky-itemid-64ca0b7cba162577de488fe7",
      "image_url": "https://imageproxy.wolt.com/menu/menu-images/63ad795db242366d1f818f36/b14d7a3c-5efa-11ef-aec8-f6cc5ff5ef9a_25514155.jpg",
      "categories": [
        "DROGERIE A KOSMETIKA",
        "DÁMSKÉ HYG. POTŘEBY"
      ],
      "prices": [
        {
          "store_name": "Albert",
          "price": 76.9,
          "original_price": null,
          "unit_price": 1.75,
          "unit": "ks",
          "package_size": "‪44‬ kusů",
          "condition": null
        }
      ],
      "description": null
    },
    {
      "name": "Vitana Skořice celá",
      "brand": "Vitana",
      "product_url": "https://wolt.com/cs/cze/prague/venue/albert-vinohradska/vitana-skorice-cela-itemid-64ca0b7cba162577de489008",
      "image_url": "https://imageproxy.wolt.com/menu/menu-images/64ffec4406cca0140dfab831/d49e40b8-8eba-11ee-bdae-eadf6ce36c9d_26685151.jpg",
      "categories": [
        "TRVANLIVÉ",
        "KOŘENÍ A OCHUCOVADLA"
      ],
      "prices": [
        {
          "store_name": "Albert",
          "price": 18.9,
          "original_price": null,
          "unit_price": 1890.0,
          "unit": "Kg",
          "package_size": "10 g",
          "condition": null
        }
      ],
      "description": null
    },
    {
      "name": "Cuketa zelená",
      "brand": "Cuketa",
      "product_url": "https://wolt.com/cs/cze/prague/venue/albert-vinohradska/cuketa-zelena-itemid-68b4ae36f47ae3defac199db",
      "image_url": "https://imageproxy.wolt.com/menu/menu-images/64b62ec5e5ab70cdc92e30f0/ac5621ac-3ecd-11ef-adf2-6e20a8a9797c_20446239.jpg",
      "categories": [
        "OVOCE A ZELENINA",
        "ZELENINA"
      ],
      "prices": [
        {
          "store_name": "Albert",
          "price": 24.47,
          "original_price": null,
          "unit_price": null,
          "unit": null,
          "package_size": "~350 g",
          "condition": null
        }
      ],
      "description": null
    },
    {
      "name": "Gourmet Gold Multipack paštiky",
      "brand": "Gourmet",
      "product_url": "https://wolt.com/cs/cze/prague/venue/albert-vinohradska/gourmet-gold-multipack-pastiky-itemid-64ca0b7cba162577de489285",
      "image_url": "https://imageproxy.wolt.com/menu/menu-images/64ffec4406cca0140dfab831/42448490-8ebd-11ee-9b7f-0ece4ee3fc04_26932873.jpg",
      "categories": [
        "ZVÍŘATA",
        "KOČKY"
      ],
      "prices": [
        {
          "store_name": "Albert",
          "price": 149.9,
          "original_price": null,
          "unit_price": 220.44,
          "unit": "Kg",
          "package_size": "680 g",
          "condition": null
        }
      ],
      "description": null
    },
    {
      "name": "Tchibo Espresso Milano zrnková káva",
      "brand": "Tchibo",
      "product_url": "https://wolt.com/cs/cze/prague/venue/albert-vinohradska/tchibo-espresso-milano-zrnkova-kava-itemid-64ca0b7cba162577de489a68",
      "image_url": "https://imageproxy.wolt.com/menu/menu-images/64ffec4406cca0140dfab831/c08ae874-8ebf-11ee-9cba-fea1896da317_27132036.jpg",
      "categories": [
        "NÁPOJE",
        "KÁVA A ČAJ"
      ],
      "prices": [
        {
          "store_name": "Albert",
          "price": 699.0,
          "original_price": null,
          "unit_price": 699.0,
          "unit": "Kg",
          "package_size": "1 kg",
          "condition": null
        }
      ],
      "description": null
    },
    {
      "name": "R. Jelínek Moravská hruška 38%",
      "brand": "R",
      "product_url": "https://wolt.com/cs/cze/prague/venue/albert-vinohradska/r-jelinek-moravska-hruska-38-itemid-64ca0b7cba162577de48985e",
      "image_url": "https://imageproxy.wolt.com/menu/menu-images/64ffec4406cca0140dfab831/4cd62c7c-8ebf-11ee-a67c-faffdc4b9b96_27106754.jpg",
      "categories": [
        "NÁPOJE",
        "LIHOVINY"
      ],
      "prices": [
        {
          "store_name": "Albert",
          "price": 169.0,
          "original_price": null,
          "unit_price": 338.0,
          "unit": "l",
          "package_size": "500 ml, 38% alc",
          "condition": "18+"
        }
      ],
      "description": null
    },
    {
      "name": "Fantasy Chardonnay",
      "brand": "Fantasy",
      "product_url": "https://wolt.com/cs/cze/prague/venue/albert-vinohradska/fantasy-chardonnay-itemid-681b5abffcbd67bf7a8f4ae3",
      "image_url": "https://imageproxy.wolt.com/menu/menu-images/63ad795db242366d1f818f36/12075e56-2b47-11f0-ba31-1aabda353556_25922646.jpg",
      "categories": [
        "NÁPOJE",
        "VÍNA"
      ],
      "prices": [
        {
          "store_name": "Albert",
          "price": null,
          "original_price": null,
          "unit_price": 79.9,
          "unit": "l",
          "package_size": "1 l, 12% alc",
          "condition": "Sleva, 18+"
        }
      ],
      "description": null
    },
    {
      "name": "Božkov Griotte 18%",
      "brand": "Božkov",
      "product_url": "https://wolt.com/cs/cze/prague/venue/albert-vinohradska/bozkov-griotte-18-itemid-64ca0b7cba162577de4898e9",
      "image_url": "https://imageproxy.wolt.com/menu/menu-images/64ffec4406cca0140dfab831/b7b3c7d0-8eb4-11ee-ad03-3ed0b25e551d_25405378.jpg",
      "categories": [
        "NÁPOJE",
        "LIHOVINY"
      ],
      "prices": [
        {
          "store_name": "Albert",
          "price": 159.0,
          "original_price": null,
          "unit_price": 318.0,
          "unit": "l",
          "package_size": "500 ml, 18% alc",
          "condition": "18+"
        }
      ],
      "description": null
    },
    {
      "name": "Nature's Promise Mozzarella bez laktózy",
      "brand": "Nature's Promise",
      "product_url": "https://wolt.com/cs/cze/prague/venue/albert-vinohradska/nature-s-promise-mozzarella-bez-laktozy-itemid-651c859b10b8d354833089ec",
      "image_url": "https://imageproxy.wolt.com/menu/menu-images/64ffec4406cca0140dfab831/8caa9180-8ec4-11ee-a033-a2846f3734b2_27478820.jpg",
      "categories": [
        "MLÉČNÉ A CHLAZENÉ",
        "SÝRY"
      ],
      "prices": [
        {
          "store_name": "Albert",
          "price": null,
          "original_price": null,
          "unit_price": 207.5,
          "unit": "Kg",
          "package_size": "120 g",
          "condition": "Sleva"
        }
      ],
      "description": null
    },
    {
      "name": "Česká chuť Zámecký sýr 45% strouhaný",
      "brand": "Česká chuť",
      "product_url": "https://wolt.com/cs/cze/prague/venue/albert-vinohradska/ceska-chut-zamecky-syr-45-strouhany-itemid-64ca0b7cba162577de4895ec",
      "image_url": "https://imageproxy.wolt.com/menu/menu-images/64ffec4406cca0140dfab831/8ae0fd8e-8ec0-11ee-ab47-b29f7f1f7f8d_27183380.jpg",
      "categories": [
        "MLÉČNÉ A CHLAZENÉ",
        "SÝRY"
      ],
      "prices": [
        {
          "store_name": "Albert",
          "price": 64.9,
          "original_price": null,
          "unit_price": 324.5,
          "unit": "Kg",
          "package_size": "200 g",
          "condition": null
        }
      ],
      "description": null
    },
    {
      "name": "Croissant s náplní lískooříškovo-kakaovou",
      "brand": null,
      "product_url": "https://wolt.com/cs/cze/prague/venue/albert-vinohradska/croissant-s-naplni-liskooriskovo-kakaovou-itemid-660211a83f79cd7d63a5543a",
      "image_url": "https://imageproxy.wolt.com/menu/menu-images/6601c613e48d1c8d95333085/66b1c142-eae5-11ee-b01d-4edc7219f866_27838648.jpg",
      "categories": [
        "PEKÁRNA A CUKRÁRNA",
        "SLADKÉ PEČIVO BALENÉ"
      ],
      "prices": [
        {
          "store_name": "Albert",
          "price": 16.9,
          "original_price": null,
          "unit_price": 241.43,
          "unit": "Kg",
          "package_size": "70 g",
          "condition": null
        }
      ],
      "description": null
    },
    {
      "name": "Natur Farm Sirup bezový",
      "brand": "Natur",
      "product_url": "https://wolt.com/cs/cze/prague/venue/albert-vinohradska/natur-farm-sirup-bezovy-itemid-64ca0b7cba162577de489807",
      "image_url": "https://imageproxy.wolt.com/menu/menu-images/64ffec4406cca0140dfab831/7713f576-8eb7-11ee-92aa-f676b94e1855_25938166.jpg",
      "categories": [
        "NÁPOJE",
        "SIRUPY A KONCENTRÁTY"
      ],
      "prices": [
        {
          "store_name": "Albert",
          "price": 89.9,
          "original_price": null,
          "unit_price": 128.43,
          "unit": "l",
          "package_size": "700 ml",
          "condition": null
        }
      ],
      "description": null
    },
    {
      "name": "Lactacyd Femina intimní mycí emulze",
      "brand": "Lactacyd",
      "product_url": "https://wolt.com/cs/cze/prague/venue/albert-vinohradska/lactacyd-femina-intimni-myci-emulze-itemid-64ca0b7cba162577de488ecb",
      "image_url": "https://imageproxy.wolt.com/menu/menu-images/64ffec4406cca0140dfab831/fd99847a-8eae-11ee-ac94-ca775a3f94cd_22980793.jpg",
      "categories": [
        "DROGERIE A KOSMETIKA",
        "MÝDLA A GELY"
      ],
      "prices": [
        {
          "store_name": "Albert",
          "price": 109.9,
          "original_price": null,
          "unit_price": 549.5,
          "unit": "l",
          "package_size": "200 ml",
          "condition": null
        }
      ],
      "description": null
    },
    {
      "name": "Relax 100% pomeranč",
      "brand": "Relax",
      "product_url": "https://wolt.com/cs/cze/prague/venue/albert-vinohradska/relax-100-pomeranc-itemid-64ca0b7cba162577de488331",
      "image_url": "https://imageproxy.wolt.com/menu/menu-images/64ffec4406cca0140dfab831/8fc19084-8eac-11ee-8fde-96106fe39af5_20314101.jpg",
      "categories": [
        "NÁPOJE",
        "DŽUSY A NEKTARY"
      ],
      "prices": [
        {
          "store_name": "Albert",
          "price": 39.9,
          "original_price": null,
          "unit_price": 39.9,
          "unit": "l",
          "package_size": "1 l",
          "condition": null
        }
      ],
      "description": null
    },
    {
      "name": "Fanta Orange Zero",
      "brand": "Fanta",
      "product_url": "https://wolt.com/cs/cze/prague/venue/albert-vinohradska/fanta-orange-zero-itemid-681b5abffcbd67bf7a8f4a53",
      "image_url": "https://imageproxy.wolt.com/menu/menu-images/63ad795db242366d1f818f36/7965eba8-2b47-11f0-8028-b252fe80aa64_27887622.jpg",
      "categories": [
        "NÁPOJE",
        "LIMONÁDY"
      ],
      "prices": [
        {
          "store_name": "Albert",
          "price": 29.9,
          "original_price": null,
          "unit_price": 59.8,
          "unit": "l",
          "package_size": "500 ml",
          "condition": null
        }
      ],
      "description": null
    },
    {
      "name": "Lipton Ledový čaj zelený",
      "brand": "Lipton",
      "product_url": "https://wolt.com/cs/cze/prague/venue/albert-vinohradska/lipton-ledovy-caj-zeleny-itemid-64ca0b7cba162577de489da7",
      "image_url": "https://imageproxy.wolt.com/menu/menu-images/63ad795db242366d1f818f36/9bc7f7bc-df7c-11ee-b766-66fd83a7b55f_23297548.jpg",
      "categories": [
        "NÁPOJE",
        "LIMONÁDY"
      ],
      "prices": [
        {
          "store_name": "Albert",
          "price": 32.9,
          "original_price": null,
          "unit_price": 65.8,
          "unit": "l",
          "package_size": "500 ml",
          "condition": null
        }
      ],
      "description": null
    },
    {
      "name": "Fino Mikrotenové sáčky",
      "brand": "Fino",
      "product_url": "https://wolt.com/cs/cze/prague/venue/albert-vinohradska/fino-mikrotenove-sacky-itemid-64ca0b7cba162577de4892c0",
      "image_url": "https://imageproxy.wolt.com/menu/menu-images/63ad795db242366d1f818f36/408d64a8-1c04-11ef-a990-32d9e5f993e0_24221702.jpg",
      "categories": [
        "DOMÁCNOST A ZAHRADA",
        "KUCHYŇSKÉ POTŘEBY"
      ],
      "prices": [
        {
          "store_name": "Albert",
          "price": 34.9,
          "original_price": null,
          "unit_price": 0.7,
          "unit": "ks",
          "package_size": "‪50‬ kusů",
          "condition": null
        }
      ],
      "description": null
    },
    {
      "name": "Albert proteinová směs na palačinky natural",
      "brand": "Albert",
      "product_url": "https://wolt.com/cs/cze/prague/venue/albert-vinohradska/albert-proteinova-smes-na-palacinky-natural-itemid-64ca0b7cba162577de48a5d7",
      "image_url": "https://imageproxy.wolt.com/menu/menu-images/64ffec4406cca0140dfab831/59920a98-8ec5-11ee-9b08-52a4ddf1765f_27537381.jpg",
      "categories": [
        "TRVANLIVÉ",
        "SPECIÁLNÍ"
      ],
      "prices": [
        {
          "store_name": "Albert",
          "price": null,
          "original_price": null,
          "unit_price": 298.33,
          "unit": "Kg",
          "package_size": "60 g",
          "condition": "Sleva"
        }
      ],
      "description": null
    },
    {
      "name": "YO Sirup Multivitamin",
      "brand": "YO",
      "product_url": "https://wolt.com/cs/cze/prague/venue/albert-vinohradska/yo-sirup-multivitamin-itemid-64ca0b7cba162577de488adf",
      "image_url": "https://imageproxy.wolt.com/menu/menu-images/64ffec4406cca0140dfab831/3e056406-8eb5-11ee-b526-1627932f216d_25525267.jpg",
      "categories": [
        "NÁPOJE",
        "SIRUPY A KONCENTRÁTY"
      ],
      "prices": [
        {
          "store_name": "Albert",
          "price": 94.9,
          "original_price": null,
          "unit_price": 135.57,
          "unit": "l",
          "package_size": "700 ml",
          "condition": null
        }
      ],
      "description": null
    },
    {
      "name": "Jack Daniels Cola",
      "brand": "Jack",
      "product_url": "https://wolt.com/cs/cze/prague/venue/albert-vinohradska/jack-daniels-cola-itemid-64ca0b7cba162577de488c0b",
      "image_url": "https://imageproxy.wolt.com/menu/menu-images/63ad795db242366d1f818f36/2e490740-ed44-11ef-be16-6244a2b208ab_27462720.jpg",
      "categories": [
        "NÁPOJE",
        "LIHOVINY"
      ],
      "prices": [
        {
          "store_name": "Albert",
          "price": 72.9,
          "original_price": null,
          "unit_price": 220.91,
          "unit": "l",
          "package_size": "330 ml, 5% alc",
          "condition": "18+"
        }
      ],
      "description": null
    },
    {
      "name": "Le & Co Šunka Zvonařka nejvyšší jakosti Shaved",
      "brand": "Le & Co",
      "product_url": "https://wolt.com/cs/cze/prague/venue/albert-vinohradska/le-co-sunka-zvonarka-nejvyssi-jakosti-shaved-itemid-64ca0b7cba162577de4885dd",
      "image_url": "https://imageproxy.wolt.com/menu/menu-images/64ffec4406cca0140dfab831/81d4baf6-833e-11ee-b2eb-a664898bc3a5_25885255.jpg",
      "categories": [
        "UZENINY A LAHŮDKY",
        "ŠUNKY A SLANINY"
      ],
      "prices": [
        {
          "store_name": "Albert",
          "price": null,
          "original_price": null,
          "unit_price": 329.0,
          "unit": "Kg",
          "package_size": "100 g",
          "condition": "Sleva"
        }
      ],
      "description": null
    },
    {
      "name": "Emma Banán sušené plátky",
      "brand": "Emma",
      "product_url": "https://wolt.com/cs/cze/prague/venue/albert-vinohradska/emma-banan-susene-platky-itemid-64ca0b7cba162577de489790",
      "image_url": "https://imageproxy.wolt.com/menu/menu-images/63ad795db242366d1f818f36/f0a4c404-d995-11ef-9d7a-6e0835080e26_23707047.jpg",
      "categories": [
        "OVOCE A ZELENINA",
        "SUCHÉ PLODY"
      ],
      "prices": [
        {
          "store_name": "Albert",
          "price": 49.9,
          "original_price": null,
          "unit_price": 199.6,
          "unit": "Kg",
          "package_size": "250 g",
          "condition": null
        }
      ],
      "description": null
    },
    {
      "name": "Nowaco Špenát listový porce",
      "brand": "Nowaco",
      "product_url": "https://wolt.com/cs/cze/prague/venue/albert-vinohradska/nowacospenat-listovy-porce-itemid-6876153a0c6218e9f3e5f424",
      "image_url": "https://imageproxy.wolt.com/menu/menu-images/64b62ec5e5ab70cdc92e30f0/f1b51e0a-616e-11f0-ab65-6e4864e4ce79_25851342.jpg",
      "categories": [
        "MRAŽENÉ POTRAVINY",
        "MRAŽENÉ OVOCE A ZELENINA"
      ],
      "prices": [
        {
          "store_name": "Albert",
          "price": null,
          "original_price": null,
          "unit_price": 94.75,
          "unit": "Kg",
          "package_size": "400 g",
          "condition": "Sleva"
        }
      ],
      "description": null
    },
    {
      "name": "Madeta Jihočeský Eidam uzený 44% bloček",
      "brand": "Madeta",
      "product_url": "https://wolt.com/cs/cze/prague/venue/albert-vinohradska/madeta-jihocesky-eidam-uzeny-44-blocek-itemid-657233256818b938df94863f",
      "image_url": "https://imageproxy.wolt.com/menu/menu-images/64ffec4406cca0140dfab831/0772dda0-8ec0-11ee-995c-a6b73cfda2ad_27154939.jpg",
      "categories": [
        "MLÉČNÉ A CHLAZENÉ",
        "SÝRY"
      ],
      "prices": [
        {
          "store_name": "Albert",
          "price": 59.9,
          "original_price": null,
          "unit_price": 299.5,
          "unit": "Kg",
          "package_size": "200 g",
          "condition": null
        }
      ],
      "description": null
    },
    {
      "name": "Cielo prosecco frizzanté  doc",
      "brand": "Cielo",
      "product_url": "https://wolt.com/cs/cze/prague/venue/albert-vinohradska/cielo-prosecco-frizzante-doc-itemid-64ca0b7cba162577de48945e",
      "image_url": "https://imageproxy.wolt.com/menu/menu-images/64ffec4406cca0140dfab831/40447a0c-8eb7-11ee-80c4-02d10f7fce64_25922813.jpg",
      "categories": [
        "NÁPOJE",
        "VÍNA"
      ],
      "prices": [
        {
          "store_name": "Albert",
          "price": 189.0,
          "original_price": null,
          "unit_price": 252.0,
          "unit": "l",
          "package_size": "750 ml, 10,5% alc",
          "condition": "18+"
        }
      ],
      "description": null
    },
    {
      "name": "Nature's Promise Tofu karbanátky",
      "brand": "Nature's Promise",
      "product_url": "https://wolt.com/cs/cze/prague/venue/albert-vinohradska/nature-s-promise-tofu-karbanatky-itemid-657233256818b938df948807",
      "image_url": "https://imageproxy.wolt.com/menu/menu-images/64ffec4406cca0140dfab831/ff62b02a-8ec6-11ee-b5d3-3ef4a229de2c_27636886.jpg",
      "categories": [
        "UZENINY A LAHŮDKY",
        "HOTOVKY A PŘÍLOHY"
      ],
      "prices": [
        {
          "store_name": "Albert",
          "price": null,
          "original_price": null,
          "unit_price": 199.5,
          "unit": "Kg",
          "package_size": "200 g",
          "condition": "Sleva"
        }
      ],
      "description": null
    },
    {
      "name": "Krásno Amálka šunka nejvyšší jakosti krájená",
      "brand": "Krásno",
      "product_url": "https://wolt.com/cs/cze/prague/venue/albert-vinohradska/krasno-amalka-sunka-nejvyssi-jakosti-krajena-itemid-64ca0b7cba162577de4890c5",
      "image_url": "https://imageproxy.wolt.com/menu/menu-images/64ffec4406cca0140dfab831/89913bc2-8ebd-11ee-83f7-723b124ceb50_26950631.jpg",
      "categories": [
        "UZENINY A LAHŮDKY",
        "ŠUNKY A SLANINY"
      ],
      "prices": [
        {
          "store_name": "Albert",
          "price": 41.9,
          "original_price": null,
          "unit_price": 419.0,
          "unit": "Kg",
          "package_size": "100 g",
          "condition": null
        }
      ],
      "description": null
    },
    {
      "name": "Syoss Keratin Style Perfection lak na vlasy",
      "brand": "Syoss",
      "product_url": "https://wolt.com/cs/cze/prague/venue/albert-vinohradska/syoss-keratin-style-perfection-lak-na-vlasy-itemid-64ca0b7cba162577de48a092",
      "image_url": "https://imageproxy.wolt.com/menu/menu-images/64ffec4406cca0140dfab831/da27e858-8eb6-11ee-8214-5a7762fb688d_25850413.jpg",
      "categories": [
        "DROGERIE A KOSMETIKA",
        "PÉČE O VLASY"
      ],
      "prices": [
        {
          "store_name": "Albert",
          "price": 169.0,
          "original_price": null,
          "unit_price": 563.33,
          "unit": "l",
          "package_size": "300 ml",
          "condition": null
        }
      ],
      "description": null
    },
    {
      "name": "Domestos WC Čistič Power5 Lime",
      "brand": "Domestos",
      "product_url": "https://wolt.com/cs/cze/prague/venue/albert-vinohradska/domestos-wc-cistic-power5-lime-itemid-66022d57a759a5373048395b",
      "image_url": "https://imageproxy.wolt.com/menu/menu-images/6601c613e48d1c8d95333085/4216d3ba-eae3-11ee-a11b-667d50b09927_26688633.jpg",
      "categories": [
        "DROGERIE A KOSMETIKA",
        "ČISTÍCÍ PROSTŘEDKY"
      ],
      "prices": [
        {
          "store_name": "Albert",
          "price": 69.9,
          "original_price": null,
          "unit_price": 466.0,
          "unit": "Kg",
          "package_size": "150 g",
          "condition": null
        }
      ],
      "description": null
    },
    {
      "name": "Palmolive Naturals Olive tekuté mýdlo náplň",
      "brand": "Palmolive",
      "product_url": "https://wolt.com/cs/cze/prague/venue/albert-vinohradska/palmolive-naturals-olive-tekute-mydlo-napln-itemid-657233256818b938df948407",
      "image_url": "https://imageproxy.wolt.com/menu/menu-images/63ad795db242366d1f818f36/ad00f2f6-3213-11ef-bb75-06fa690bc24d_27748664.jpg",
      "categories": [
        "DROGERIE A KOSMETIKA",
        "MÝDLA A GELY"
      ],
      "prices": [
        {
          "store_name": "Albert",
          "price": null,
          "original_price": null,
          "unit_price": 129.9,
          "unit": "l",
          "package_size": "1 l",
          "condition": "Sleva"
        }
      ],
      "description": null
    },
    {
      "name": "Jar Platinum Lemon kapsle do myčky nádobí",
      "brand": "Jar",
      "product_url": "https://wolt.com/cs/cze/prague/venue/albert-vinohradska/jar-platinum-lemon-kapsle-do-mycky-nadobi-itemid-64ca0b7cba162577de489be7",
      "image_url": "https://imageproxy.wolt.com/menu/menu-images/64ffec4406cca0140dfab831/0e59307e-8eb6-11ee-9612-fe2992cf6bd0_25685756.jpg",
      "categories": [
        "DROGERIE A KOSMETIKA",
        "MYTÍ NÁDOBÍ"
      ],
      "prices": [
        {
          "store_name": "Albert",
          "price": 349.0,
          "original_price": null,
          "unit_price": 6.98,
          "unit": "ks",
          "package_size": "‪50‬ kusů",
          "condition": null
        }
      ],
      "description": null
    },
    {
      "name": "Emma Arašídy pražené loupané",
      "brand": "Emma",
      "product_url": "https://wolt.com/cs/cze/prague/venue/albert-vinohradska/emma-arasidy-prazene-loupane-itemid-64ca0b7cba162577de489572",
      "image_url": "https://imageproxy.wolt.com/menu/menu-images/63ad795db242366d1f818f36/70d35de2-ce6b-11ef-b82c-ae1dcef29728_24984911.jpg",
      "categories": [
        "OVOCE A ZELENINA",
        "SUCHÉ PLODY"
      ],
      "prices": [
        {
          "store_name": "Albert",
          "price": 39.9,
          "original_price": null,
          "unit_price": 133.0,
          "unit": "Kg",
          "package_size": "300 g",
          "condition": null
        }
      ],
      "description": null
    },
    {
      "name": "Zott Cremore Duo dezert čokoládový se šlehačkou",
      "brand": "Zott",
      "product_url": "https://wolt.com/cs/cze/prague/venue/albert-vinohradska/zott-cremore-duo-dezert-cokoladovy-se-slehackou-itemid-64ca0b7cba162577de489689",
      "image_url": "https://imageproxy.wolt.com/menu/menu-images/64ffec4406cca0140dfab831/db604d7e-8ebf-11ee-95ef-362baa77ef89_27136690.jpg",
      "categories": [
        "MLÉČNÉ A CHLAZENÉ",
        "JOGURTY A DEZERTY"
      ],
      "prices": [
        {
          "store_name": "Albert",
          "price": 27.9,
          "original_price": null,
          "unit_price": 146.84,
          "unit": "Kg",
          "package_size": "190 g",
          "condition": null
        }
      ],
      "description": null
    },
    {
      "name": "Sunar Complex 1 mléčná kojenecká výživa",
      "brand": "Sunar",
      "product_url": "https://wolt.com/cs/cze/prague/venue/albert-vinohradska/sunar-complex-1-mlecna-kojenecka-vyziva-itemid-64ca0b7cba162577de488f93",
      "image_url": "https://imageproxy.wolt.com/menu/menu-images/63ad795db242366d1f818f36/baf76f3e-ed43-11ef-9a03-46a20cae12e9_22566942.jpg",
      "categories": [
        "DÍTĚ",
        "VÝŽIVA"
      ],
      "prices": [
        {
          "store_name": "Albert",
          "price": 274.0,
          "original_price": null,
          "unit_price": 456.67,
          "unit": "Kg",
          "package_size": "600 g",
          "condition": null
        }
      ],
      "description": null
    },
    {
      "name": "Zott Monte mléčný dezert čokoládový s lísk. oříšky",
      "brand": "Zott",
      "product_url": "https://wolt.com/cs/cze/prague/venue/albert-vinohradska/zott-monte-mlecny-dezert-cokoladovy-s-lisk-orisky-itemid-64ca0b7cba162577de488097",
      "image_url": "https://imageproxy.wolt.com/menu/menu-images/64ffec4406cca0140dfab831/d5dc714e-8eb4-11ee-93c0-0208801a60c2_25435252.jpg",
      "categories": [
        "MLÉČNÉ A CHLAZENÉ",
        "JOGURTY A DEZERTY"
      ],
      "prices": [
        {
          "store_name": "Albert",
          "price": 27.9,
          "original_price": null,
          "unit_price": 186.0,
          "unit": "Kg",
          "package_size": "150 g",
          "condition": null
        }
      ],
      "description": null
    },
    {
      "name": "Nature's Promise Bio Lasagne Bolognese",
      "brand": "Nature's Promise",
      "product_url": "https://wolt.com/cs/cze/prague/venue/albert-vinohradska/nature-s-promise-bio-lasagne-bolognese-itemid-64ca0b7cba162577de489974",
      "image_url": "https://imageproxy.wolt.com/menu/menu-images/64ffec4406cca0140dfab831/d1b8b3a4-8ec1-11ee-89c8-0eb01a66e252_27261958.jpg",
      "categories": [
        "UZENINY A LAHŮDKY",
        "HOTOVKY A PŘÍLOHY"
      ],
      "prices": [
        {
          "store_name": "Albert",
          "price": null,
          "original_price": null,
          "unit_price": 224.75,
          "unit": "Kg",
          "package_size": "400 g",
          "condition": "Sleva"
        }
      ],
      "description": null
    },
    {
      "name": "Cif Lemon krém čisticí písek",
      "brand": "Cif",
      "product_url": "https://wolt.com/cs/cze/prague/venue/albert-vinohradska/ciflemonkrem-cistici-pisek-itemid-64ca0b7cba162577de488e0f",
      "image_url": "https://imageproxy.wolt.com/menu/menu-images/64ffec4406cca0140dfab831/36bbf696-8ec0-11ee-9654-a6b73cfda2ad_27164631.jpg",
      "categories": [
        "DROGERIE A KOSMETIKA",
        "ČISTÍCÍ PROSTŘEDKY"
      ],
      "prices": [
        {
          "store_name": "Albert",
          "price": 99.9,
          "original_price": null,
          "unit_price": 133.2,
          "unit": "l",
          "package_size": "750 ml",
          "condition": null
        }
      ],
      "description": null
    },
    {
      "name": "Vitana Zeleninový bujón",
      "brand": "Vitana",
      "product_url": "https://wolt.com/cs/cze/prague/venue/albert-vinohradska/vitana-zeleninovy-bujon-itemid-657233256818b938df947cdd",
      "image_url": "https://imageproxy.wolt.com/menu/menu-images/64ffec4406cca0140dfab831/6339515c-8eb4-11ee-9f00-c64f1deb8de2_25307771.jpg",
      "categories": [
        "TRVANLIVÉ",
        "KOŘENÍ A OCHUCOVADLA"
      ],
      "prices": [
        {
          "store_name": "Albert",
          "price": 39.9,
          "original_price": null,
          "unit_price": 665.0,
          "unit": "Kg",
          "package_size": "60 g",
          "condition": null
        }
      ],
      "description": null
    },
    {
      "name": "Budweiser Budvar Original světlý ležák",
      "brand": "Budweiser",
      "product_url": "https://wolt.com/cs/cze/prague/venue/albert-vinohradska/budweiser-budvar-original-svetly-lezak-itemid-64ca0b7cba162577de489125",
      "image_url": "https://imageproxy.wolt.com/menu/menu-images/64ffec4406cca0140dfab831/8cc4b68e-8eb3-11ee-b4c0-2e3db4b64128_25063578.jpg",
      "categories": [
        "NÁPOJE",
        "PIVA"
      ],
      "prices": [
        {
          "store_name": "Albert",
          "price": 21.9,
          "original_price": null,
          "unit_price": 43.8,
          "unit": "l",
          "package_size": "500 ml, 5% alc",
          "condition": "18+"
        }
      ],
      "description": null
    },
    {
      "name": "Nivea Ultimate Impact Antiperspirant sprej",
      "brand": "Nivea",
      "product_url": "https://wolt.com/cs/cze/prague/venue/albert-vinohradska/nivea-ultimate-impact-antiperspirant-sprej-itemid-657233256818b938df947a3e",
      "image_url": "https://imageproxy.wolt.com/menu/menu-images/63ad795db242366d1f818f36/edf2ff76-377b-11ef-897a-52dc0694a142_27283301.jpg",
      "categories": [
        "DROGERIE A KOSMETIKA",
        "PÁNSKÁ KOSMETIKA"
      ],
      "prices": [
        {
          "store_name": "Albert",
          "price": 89.9,
          "original_price": null,
          "unit_price": 599.33,
          "unit": "l",
          "package_size": "150 ml",
          "condition": null
        }
      ],
      "description": null
    },
    {
      "name": "Albert Šunka delikátní",
      "brand": "Albert",
      "product_url": "https://wolt.com/cs/cze/prague/venue/albert-vinohradska/albert-sunka-delikatni-itemid-657233256818b938df94786a",
      "image_url": "https://imageproxy.wolt.com/menu/menu-images/64ffec4406cca0140dfab831/f89d3566-8ec7-11ee-b3ec-eadfee8d92ce_27693643.jpg",
      "categories": [
        "UZENINY A LAHŮDKY",
        "ŠUNKY A SLANINY"
      ],
      "prices": [
        {
          "store_name": "Albert",
          "price": 44.9,
          "original_price": null,
          "unit_price": 449.0,
          "unit": "Kg",
          "package_size": "100 g",
          "condition": null
        }
      ],
      "description": null
    },
    {
      "name": "World's Market Rýže Basmati",
      "brand": "World's Market",
      "product_url": "https://wolt.com/cs/cze/prague/venue/albert-vinohradska/world-s-market-ryze-basmati-itemid-64ca0b7cba162577de4896d3",
      "image_url": "https://imageproxy.wolt.com/menu/menu-images/63ad795db242366d1f818f36/eff30ef8-4804-11ef-9275-12ec700dce98_26820057.jpg",
      "categories": [
        "TRVANLIVÉ",
        "RÝŽE A VAŘENÍ"
      ],
      "prices": [
        {
          "store_name": "Albert",
          "price": 45.9,
          "original_price": null,
          "unit_price": 95.63,
          "unit": "Kg",
          "package_size": "480 g",
          "condition": null
        }
      ],
      "description": null
    },
    {
      "name": "Majestic Ovocný čaj zázvor & mandarinka",
      "brand": "Majestic",
      "product_url": "https://wolt.com/cs/cze/prague/venue/albert-vinohradska/majestic-ovocny-caj-zazvor-mandarinka-itemid-651c85412f1068ef3a41941c",
      "image_url": "https://imageproxy.wolt.com/menu/menu-images/64ffec4406cca0140dfab831/34f5d96a-8ec7-11ee-bb6b-62169a0e6c38_27646861.jpg",
      "categories": [
        "NÁPOJE",
        "KÁVA A ČAJ"
      ],
      "prices": [
        {
          "store_name": "Albert",
          "price": 87.9,
          "original_price": null,
          "unit_price": 1758.0,
          "unit": "Kg",
          "package_size": "50 g",
          "condition": null
        }
      ],
      "description": null
    },
    {
      "name": "Ludwig Sylvánské zelené",
      "brand": "Ludwig",
      "product_url": "https://wolt.com/cs/cze/prague/venue/albert-vinohradska/ludwig-sylvanske-zelene-itemid-657233256818b938df948a04",
      "image_url": "https://imageproxy.wolt.com/menu/menu-images/64ffec4406cca0140dfab831/86b38abe-8ec6-11ee-aef1-f20dec45ea3c_27611609.jpg",
      "categories": [
        "NÁPOJE",
        "VÍNA"
      ],
      "prices": [
        {
          "store_name": "Albert",
          "price": 79.9,
          "original_price": null,
          "unit_price": 106.53,
          "unit": "l",
          "package_size": "750 ml, 12% alc",
          "condition": "18+"
        }
      ],
      "description": null
    },
    {
      "name": "Albert 100% Ovocná šťáva broskev, jablko, pomeranč",
      "brand": "Albert",
      "product_url": "https://wolt.com/cs/cze/prague/venue/albert-vinohradska/albert-100-ovocna-stava-broskev-jablko-pomeranc-itemid-64ca0b7cba162577de48973e",
      "image_url": "https://imageproxy.wolt.com/menu/menu-images/64ffec4406cca0140dfab831/ad0bab0c-8ec0-11ee-b171-bed63d7a3e3f_27193532.jpg",
      "categories": [
        "NÁPOJE",
        "DŽUSY A NEKTARY"
      ],
      "prices": [
        {
          "store_name": "Albert",
          "price": null,
          "original_price": null,
          "unit_price": 114.5,
          "unit": "l",
          "package_size": "200 ml",
          "condition": "Sleva"
        }
      ],
      "description": null
    },
    {
      "name": "Česká chuť Krůtí řízek prsní, plátky",
      "brand": "Česká chuť",
      "product_url": "https://wolt.com/cs/cze/prague/venue/albert-vinohradska/ceska-chut-kruti-rizek-prsni-platky-itemid-64ca0b7cba162577de4880f5",
      "image_url": "https://imageproxy.wolt.com/menu/menu-images/64ffec4406cca0140dfab831/f9e3174a-8eba-11ee-aa73-9e446d541704_26706443.jpg",
      "categories": [
        "MASO A RYBY",
        "DRŮBEŽ"
      ],
      "prices": [
        {
          "store_name": "Albert",
          "price": 147.87,
          "original_price": null,
          "unit_price": null,
          "unit": null,
          "package_size": null,
          "condition": null
        }
      ],
      "description": null
    },
    {
      "name": "Adventuros Nuggets pamlsky pro psy, kančí",
      "brand": "Adventuros",
      "product_url": "https://wolt.com/cs/cze/prague/venue/albert-vinohradska/adventuros-nuggets-pamlsky-pro-psy-kanci-itemid-64ca0b7cba162577de488b51",
      "image_url": "https://imageproxy.wolt.com/menu/menu-images/64ffec4406cca0140dfab831/089cb238-8eba-11ee-976d-325d7328b531_26555584.jpg",
      "categories": [
        "ZVÍŘATA",
        "PSI"
      ],
      "prices": [
        {
          "store_name": "Albert",
          "price": 49.9,
          "original_price": null,
          "unit_price": 554.44,
          "unit": "Kg",
          "package_size": "90 g",
          "condition": null
        }
      ],
      "description": null
    },
    {
      "name": "Bonitas Bio Datle Deglet Nour bez pecek",
      "brand": "Bonitas",
      "product_url": "https://wolt.com/cs/cze/prague/venue/albert-vinohradska/bonitas-bio-datle-deglet-nour-bez-pecek-itemid-64ca0b7cba162577de488c4b",
      "image_url": "https://imageproxy.wolt.com/menu/menu-images/64ffec4406cca0140dfab831/a389a85a-8ec4-11ee-a268-eadfee8d92ce_27483152.jpg",
      "categories": [
        "OVOCE A ZELENINA",
        "SUCHÉ PLODY"
      ],
      "prices": [
        {
          "store_name": "Albert",
          "price": 29.1,
          "original_price": null,
          "unit_price": 291.0,
          "unit": "Kg",
          "package_size": "100 g",
          "condition": null
        }
      ],
      "description": null
    },
    {
      "name": "Hašlerky",
      "brand": "Hašlerky",
      "product_url": "https://wolt.com/cs/cze/prague/venue/albert-vinohradska/haslerky-itemid-64ca0b7cba162577de488a1b",
      "image_url": "https://imageproxy.wolt.com/menu/menu-images/63ad795db242366d1f818f36/c11ff4ea-7825-11f0-b61b-f2fa7a2cce89_20300470.jpg",
      "categories": [
        "TRVANLIVÉ",
        "SLADKOSTI"
      ],
      "prices": [
        {
          "store_name": "Albert",
          "price": 19.9,
          "original_price": null,
          "unit_price": 221.11,
          "unit": "Kg",
          "package_size": "90 g",
          "condition": null
        }
      ],
      "description": null
    },
    {
      "name": "Strážnické brambůrky Hobžovy hořčicové pikant.",
      "brand": "Strážnické",
      "product_url": "https://wolt.com/cs/cze/prague/venue/albert-vinohradska/straznicke-bramburky-hobzovy-horcicove-pikant-itemid-64ca0b7cba162577de48845f",
      "image_url": "https://imageproxy.wolt.com/menu/menu-images/63ad795db242366d1f818f36/6416fed6-e818-11ee-93ba-6a34309cc613_26989532.jpg",
      "categories": [
        "TRVANLIVÉ",
        "SLANÉ"
      ],
      "prices": [
        {
          "store_name": "Albert",
          "price": 12.9,
          "original_price": null,
          "unit_price": 215.0,
          "unit": "Kg",
          "package_size": "60 g",
          "condition": null
        }
      ],
      "description": null
    },
    {
      "name": "Lay's Maxx Deep Cut solené",
      "brand": "Lay's",
      "product_url": "https://wolt.com/cs/cze/prague/venue/albert-vinohradska/lay-s-maxx-deep-cut-solene-itemid-64ca0b7cba162577de48a711",
      "image_url": "https://imageproxy.wolt.com/menu/menu-images/63ad795db242366d1f818f36/55f3065a-d671-11ee-be42-0203baeb71ee_27775127.jpg",
      "categories": [
        "TRVANLIVÉ",
        "SLANÉ"
      ],
      "prices": [
        {
          "store_name": "Albert",
          "price": 39.9,
          "original_price": null,
          "unit_price": 332.5,
          "unit": "Kg",
          "package_size": "120 g",
          "condition": null
        }
      ],
      "description": null
    },
    {
      "name": "Albert Majonéza",
      "brand": "Albert",
      "product_url": "https://wolt.com/cs/cze/prague/venue/albert-vinohradska/albert-majoneza-itemid-64ca0b7cba162577de48948d",
      "image_url": "https://imageproxy.wolt.com/menu/menu-images/64ffec4406cca0140dfab831/ab06ac1e-8eb9-11ee-a346-3a1814765055_26471686.jpg",
      "categories": [
        "MLÉČNÉ A CHLAZENÉ",
        "MAJONÉZY A TATARKY"
      ],
      "prices": [
        {
          "store_name": "Albert",
          "price": 45.9,
          "original_price": null,
          "unit_price": 131.14,
          "unit": "l",
          "package_size": "350 ml",
          "condition": null
        }
      ],
      "description": null
    },
    {
      "name": "Odol Classic zubní pasta",
      "brand": "Odol",
      "product_url": "https://wolt.com/cs/cze/prague/venue/albert-vinohradska/odol-classic-zubni-pasta-itemid-64ca0b7cba162577de488e65",
      "image_url": "https://imageproxy.wolt.com/menu/menu-images/63ad795db242366d1f818f36/33f26048-0608-11ef-bb2d-465f92d5e66c_22680815.jpg",
      "categories": [
        "DROGERIE A KOSMETIKA",
        "ÚSTNÍ HYGIENA"
      ],
      "prices": [
        {
          "store_name": "Albert",
          "price": 34.9,
          "original_price": null,
          "unit_price": 465.33,
          "unit": "l",
          "package_size": "75 ml",
          "condition": null
        }
      ],
      "description": null
    },
    {
      "name": "Perla Italian Roast Napoli mletá káva",
      "brand": "Perla",
      "product_url": "https://wolt.com/cs/cze/prague/venue/albert-vinohradska/perla-italian-roast-napoli-mleta-kava-itemid-64ca0b7cba162577de488a2f",
      "image_url": "https://imageproxy.wolt.com/menu/menu-images/63ad795db242366d1f818f36/64d226e8-4e4d-11ef-aa69-b24ccfdc8ef4_27257531.jpg",
      "categories": [
        "NÁPOJE",
        "KÁVA A ČAJ"
      ],
      "prices": [
        {
          "store_name": "Albert",
          "price": 149.9,
          "original_price": null,
          "unit_price": 599.6,
          "unit": "Kg",
          "package_size": "250 g",
          "condition": null
        }
      ],
      "description": null
    },
    {
      "name": "Albert Výcvikový snack pro střední psy",
      "brand": "Albert",
      "product_url": "https://wolt.com/cs/cze/prague/venue/albert-vinohradska/albert-vycvikovy-snack-pro-stredni-psy-itemid-6601e2b6411813a3cff8f61a",
      "image_url": "https://imageproxy.wolt.com/menu/menu-images/6601c613e48d1c8d95333085/fccb11d0-eae3-11ee-bb0a-a2d2daf8a7c4_27318195.jpg",
      "categories": [
        "ZVÍŘATA",
        "PSI"
      ],
      "prices": [
        {
          "store_name": "Albert",
          "price": 47.9,
          "original_price": null,
          "unit_price": 239.5,
          "unit": "Kg",
          "package_size": "200 g",
          "condition": null
        }
      ],
      "description": null
    },
    {
      "name": "Albert Matjesové řezy s cibulí",
      "brand": "Albert",
      "product_url": "https://wolt.com/cs/cze/prague/venue/albert-vinohradska/albert-matjesove-rezy-s-cibuli-itemid-64ca0b7cba162577de489837",
      "image_url": "https://imageproxy.wolt.com/menu/menu-images/64ffec4406cca0140dfab831/950fbe1a-8ec2-11ee-a5e8-2242df874e85_27310625.jpg",
      "categories": [
        "UZENINY A LAHŮDKY",
        "RYBÍ SPECIALITY"
      ],
      "prices": [
        {
          "store_name": "Albert",
          "price": 33.9,
          "original_price": null,
          "unit_price": 242.14,
          "unit": "Kg",
          "package_size": "140 g",
          "condition": null
        }
      ],
      "description": null
    },
    {
      "name": "Gourmet Multipack Perle Duo",
      "brand": "Gourmet",
      "product_url": "https://wolt.com/cs/cze/prague/venue/albert-vinohradska/gourmet-multipack-perle-duo-itemid-64ca0b7cba162577de489c24",
      "image_url": "https://imageproxy.wolt.com/menu/menu-images/64ffec4406cca0140dfab831/1c105afe-8eb5-11ee-b918-e6fbf8d3c3b0_25492958.jpg",
      "categories": [
        "ZVÍŘATA",
        "KOČKY"
      ],
      "prices": [
        {
          "store_name": "Albert",
          "price": 84.9,
          "original_price": null,
          "unit_price": 249.71,
          "unit": "Kg",
          "package_size": "340 g",
          "condition": null
        }
      ],
      "description": null
    },
    {
      "name": "Kand Brusinky",
      "brand": "Kand",
      "product_url": "https://wolt.com/cs/cze/prague/venue/albert-vinohradska/kand-brusinky-itemid-64ca0b7cba162577de48925b",
      "image_url": "https://imageproxy.wolt.com/menu/menu-images/63ad795db242366d1f818f36/b82fbba8-ed43-11ef-bcbf-0e881b6e3ccd_22413451.jpg",
      "categories": [
        "TRVANLIVÉ",
        "KONZERVOVANÉ POTR."
      ],
      "prices": [
        {
          "store_name": "Albert",
          "price": 64.9,
          "original_price": null,
          "unit_price": 341.58,
          "unit": "Kg",
          "package_size": "190 g",
          "condition": "Vyprodáno"
        }
      ],
      "description": null
    },
    {
      "name": "Babycute Dětské pleny Maxi velikost 4",
      "brand": "Babycute",
      "product_url": "https://wolt.com/cs/cze/prague/venue/albert-vinohradska/babycute-detske-pleny-maxi-velikost-4-itemid-64ca0b7cba162577de489082",
      "image_url": "https://imageproxy.wolt.com/menu/menu-images/64ffec4406cca0140dfab831/c2d3e418-8eb6-11ee-9ff9-16e6bf59122a_25829433.jpg",
      "categories": [
        "DÍTĚ",
        "PLENY A PODLOŽKY"
      ],
      "prices": [
        {
          "store_name": "Albert",
          "price": 169.0,
          "original_price": null,
          "unit_price": 3.38,
          "unit": "ks",
          "package_size": "‪50‬ kusů",
          "condition": null
        }
      ],
      "description": null
    },
    {
      "name": "Kukuřice cukrová, předvařená",
      "brand": "Kukuřice",
      "product_url": "https://wolt.com/cs/cze/prague/venue/albert-vinohradska/kukurice-cukrova-predvarena-itemid-657233256818b938df947929",
      "image_url": "https://imageproxy.wolt.com/menu/menu-images/63ad795db242366d1f818f36/38fefd50-1c04-11ef-9556-36c5dbcb7ef8_22953308.jpg",
      "categories": [
        "OVOCE A ZELENINA",
        "ZELENINA"
      ],
      "prices": [
        {
          "store_name": "Albert",
          "price": 37.9,
          "original_price": null,
          "unit_price": 108.29,
          "unit": "Kg",
          "package_size": "350 g",
          "condition": null
        }
      ],
      "description": null
    },
    {
      "name": "Magnesia Minerální voda neperlivá",
      "brand": "Magnesia",
      "product_url": "https://wolt.com/cs/cze/prague/venue/albert-vinohradska/magnesia-mineralni-voda-neperliva-itemid-64ca0b7cba162577de488627",
      "image_url": "https://imageproxy.wolt.com/menu/menu-images/63ad795db242366d1f818f36/92b3eccc-bbe4-11ef-b0d0-1e0bf7c32c80_24018746.jpg",
      "categories": [
        "NÁPOJE",
        "VODY A MINERÁLKY"
      ],
      "prices": [
        {
          "store_name": "Albert",
          "price": 14.9,
          "original_price": null,
          "unit_price": 9.93,
          "unit": "l",
          "package_size": "1,5 l",
          "condition": "Vyprodáno"
        }
      ],
      "description": null
    },
    {
      "name": "Adriana Excellent Vřetena",
      "brand": "Adriana",
      "product_url": "https://wolt.com/cs/cze/prague/venue/albert-vinohradska/adriana-excellent-vretena-itemid-64ca0b7cba162577de489418",
      "image_url": "https://imageproxy.wolt.com/menu/menu-images/64ffec4406cca0140dfab831/292cdf40-8eac-11ee-bcb6-8636be6bb170_20296483.jpg",
      "categories": [
        "TRVANLIVÉ",
        "TĚSTOVINY A KUSKUS"
      ],
      "prices": [
        {
          "store_name": "Albert",
          "price": 49.9,
          "original_price": null,
          "unit_price": 99.8,
          "unit": "Kg",
          "package_size": "500 g",
          "condition": null
        }
      ],
      "description": null
    },
    {
      "name": "M&M's Crispy dražé",
      "brand": "M&M's",
      "product_url": "https://wolt.com/cs/cze/prague/venue/albert-vinohradska/m-m-s-crispy-draze-itemid-657233256818b938df9478af",
      "image_url": "https://imageproxy.wolt.com/menu/menu-images/64ffec4406cca0140dfab831/abd4afce-8ec3-11ee-9e7e-86f1953ceff6_27392454.jpg",
      "categories": [
        "TRVANLIVÉ",
        "SLADKOSTI"
      ],
      "prices": [
        {
          "store_name": "Albert",
          "price": 32.9,
          "original_price": null,
          "unit_price": 913.89,
          "unit": "Kg",
          "package_size": "36 g",
          "condition": null
        }
      ],
      "description": null
    },
    {
      "name": "Fredy Čistič odpadů",
      "brand": "Fredy",
      "product_url": "https://wolt.com/cs/cze/prague/venue/albert-vinohradska/fredy-cistic-odpadu-itemid-64ca0b7cba162577de488de5",
      "image_url": "https://imageproxy.wolt.com/menu/menu-images/64ffec4406cca0140dfab831/98ee8f9c-8eaf-11ee-8206-ca969f421442_23402607.jpg",
      "categories": [
        "DROGERIE A KOSMETIKA",
        "ČISTÍCÍ PROSTŘEDKY"
      ],
      "prices": [
        {
          "store_name": "Albert",
          "price": null,
          "original_price": null,
          "unit_price": 59.8,
          "unit": "Kg",
          "package_size": "500 g",
          "condition": "Sleva, Věkové omezení"
        }
      ],
      "description": null
    },
    {
      "name": "Nature's Promise Bio Rajčata krájená",
      "brand": "Nature's Promise",
      "product_url": "https://wolt.com/cs/cze/prague/venue/albert-vinohradska/nature-s-promise-bio-rajcata-krajena-itemid-64ca0b7cba162577de488175",
      "image_url": "https://imageproxy.wolt.com/menu/menu-images/64ffec4406cca0140dfab831/b94227c0-8ec5-11ee-8fa5-62169a0e6c38_27570401.jpg",
      "categories": [
        "TRVANLIVÉ",
        "KONZERVOVANÉ POTR."
      ],
      "prices": [
        {
          "store_name": "Albert",
          "price": 21.9,
          "original_price": null,
          "unit_price": 91.25,
          "unit": "Kg",
          "package_size": "240 g",
          "condition": null
        }
      ],
      "description": null
    },
    {
      "name": "Ölz Mléčné houstičky s kousky čokolády",
      "brand": "Ölz",
      "product_url": "https://wolt.com/cs/cze/prague/venue/albert-vinohradska/olz-mlecne-housticky-s-kousky-cokolady-itemid-657233256818b938df948779",
      "image_url": "https://imageproxy.wolt.com/menu/menu-images/64ffec4406cca0140dfab831/b33e823e-8ebf-11ee-b51f-461ac7d1f05d_27128503.jpg",
      "categories": [
        "PEKÁRNA A CUKRÁRNA",
        "SLADKÉ PEČIVO BALENÉ"
      ],
      "prices": [
        {
          "store_name": "Albert",
          "price": 57.9,
          "original_price": null,
          "unit_price": 275.71,
          "unit": "Kg",
          "package_size": "210 g",
          "condition": null
        }
      ],
      "description": null
    },
    {
      "name": "Albert Eidam 45% bloček",
      "brand": "Albert",
      "product_url": "https://wolt.com/cs/cze/prague/venue/albert-vinohradska/albert-eidam-45-blocek-itemid-64ca0b7cba162577de4894e7",
      "image_url": "https://imageproxy.wolt.com/menu/menu-images/64ffec4406cca0140dfab831/7eff6430-8ebe-11ee-9ca5-fe8631c3d5e9_27035177.jpg",
      "categories": [
        "MLÉČNÉ A CHLAZENÉ",
        "SÝRY"
      ],
      "prices": [
        {
          "store_name": "Albert",
          "price": 49.9,
          "original_price": null,
          "unit_price": 249.5,
          "unit": "Kg",
          "package_size": "200 g",
          "condition": null
        }
      ],
      "description": null
    },
    {
      "name": "Albert Dunajská klobása",
      "brand": "Albert",
      "product_url": "https://wolt.com/cs/cze/prague/venue/albert-vinohradska/albert-dunajska-klobasa-itemid-64ca0b7cba162577de4883cd",
      "image_url": "https://imageproxy.wolt.com/menu/menu-images/64ffec4406cca0140dfab831/2a40bbf0-8eb5-11ee-a5f4-865f2970631c_25516289.jpg",
      "categories": [
        "UZENINY A LAHŮDKY",
        "PÁRKY A KLOBÁSY"
      ],
      "prices": [
        {
          "store_name": "Albert",
          "price": 109.9,
          "original_price": null,
          "unit_price": 274.75,
          "unit": "Kg",
          "package_size": "400 g",
          "condition": null
        }
      ],
      "description": null
    },
    {
      "name": "Giana Sardinky ve vlastní šťávě",
      "brand": "Giana",
      "product_url": "https://wolt.com/cs/cze/prague/venue/albert-vinohradska/giana-sardinky-ve-vlastni-stave-itemid-64ca0b7cba162577de4896e9",
      "image_url": "https://imageproxy.wolt.com/menu/menu-images/63ad795db242366d1f818f36/de042e5a-7825-11f0-8591-4ea7ecf79006_22092106.jpg",
      "categories": [
        "TRVANLIVÉ",
        "KONZERVOVANÉ POTR."
      ],
      "prices": [
        {
          "store_name": "Albert",
          "price": 37.9,
          "original_price": null,
          "unit_price": 430.68,
          "unit": "Kg",
          "package_size": "88 g",
          "condition": null
        }
      ],
      "description": null
    },
    {
      "name": "Sedlčanský Hermelín pikantní",
      "brand": "Sedlčanský",
      "product_url": "https://wolt.com/cs/cze/prague/venue/albert-vinohradska/sedlcansky-hermelin-pikantni-itemid-657233256818b938df947846",
      "image_url": "https://imageproxy.wolt.com/menu/menu-images/63ad795db242366d1f818f36/1dbd8380-25b4-11f0-aabb-9ad830c847aa_23891272.jpg",
      "categories": [
        "MLÉČNÉ A CHLAZENÉ",
        "SÝRY"
      ],
      "prices": [
        {
          "store_name": "Albert",
          "price": null,
          "original_price": null,
          "unit_price": 329.0,
          "unit": "Kg",
          "package_size": "100 g",
          "condition": "Sleva"
        }
      ],
      "description": null
    },
    {
      "name": "Sýr na těstoviny 45% strouhaný",
      "brand": null,
      "product_url": "https://wolt.com/cs/cze/prague/venue/albert-vinohradska/syr-na-testoviny-45-strouhany-itemid-64ca0b7cba162577de489732",
      "image_url": "https://imageproxy.wolt.com/menu/menu-images/64ffec4406cca0140dfab831/0fe494ae-8ec2-11ee-a7f9-1280c05750b0_27276679.jpg",
      "categories": [
        "MLÉČNÉ A CHLAZENÉ",
        "SÝRY"
      ],
      "prices": [
        {
          "store_name": "Albert",
          "price": 57.9,
          "original_price": null,
          "unit_price": 386.0,
          "unit": "Kg",
          "package_size": "150 g",
          "condition": null
        }
      ],
      "description": null
    },
    {
      "name": "Haribo Happy Cola želé",
      "brand": "Haribo",
      "product_url": "https://wolt.com/cs/cze/prague/venue/albert-vinohradska/haribo-happy-cola-zele-itemid-657233256818b938df947c73",
      "image_url": "https://imageproxy.wolt.com/menu/menu-images/63ad795db242366d1f818f36/ad5737ce-ed43-11ef-87a8-a2633eab7c0e_20317744.jpg",
      "categories": [
        "TRVANLIVÉ",
        "SLADKOSTI"
      ],
      "prices": [
        {
          "store_name": "Albert",
          "price": 24.9,
          "original_price": null,
          "unit_price": 249.0,
          "unit": "Kg",
          "package_size": "100 g",
          "condition": null
        }
      ],
      "description": null
    },
    {
      "name": "Jemča Gunpowder zelený čaj sypaný",
      "brand": "Jemča",
      "product_url": "https://wolt.com/cs/cze/prague/venue/albert-vinohradska/jemca-gunpowder-zeleny-caj-sypany-itemid-64ca0b7cba162577de489e03",
      "image_url": "https://imageproxy.wolt.com/menu/menu-images/64ffec4406cca0140dfab831/6b94caea-8eb2-11ee-83cc-96ff514b0205_24737647.jpg",
      "categories": [
        "NÁPOJE",
        "KÁVA A ČAJ"
      ],
      "prices": [
        {
          "store_name": "Albert",
          "price": 52.9,
          "original_price": null,
          "unit_price": 705.33,
          "unit": "Kg",
          "package_size": "75 g",
          "condition": null
        }
      ],
      "description": null
    },
    {
      "name": "La Grande Celebration Demi Sect",
      "brand": "La",
      "product_url": "https://wolt.com/cs/cze/prague/venue/albert-vinohradska/la-grande-celebration-demi-sect-itemid-64ca0b7cba162577de4892b9",
      "image_url": "https://imageproxy.wolt.com/menu/menu-images/63ad795db242366d1f818f36/88df5988-8e26-11f0-a7e6-3e4badae230e_27499306.jpg",
      "categories": [
        "NÁPOJE",
        "VÍNA"
      ],
      "prices": [
        {
          "store_name": "Albert",
          "price": 89.9,
          "original_price": null,
          "unit_price": 119.87,
          "unit": "l",
          "package_size": "750 ml, 11% alc",
          "condition": "18+"
        }
      ],
      "description": null
    },
    {
      "name": "Gustona Povidla švestková",
      "brand": "Gustona",
      "product_url": "https://wolt.com/cs/cze/prague/venue/albert-vinohradska/gustona-povidla-svestkova-itemid-6601ee50d916113bcf2e6e1f",
      "image_url": "https://imageproxy.wolt.com/menu/menu-images/6601c613e48d1c8d95333085/88a953c6-eae2-11ee-8977-fe58ce42b7d5_24779180.jpg",
      "categories": [
        "TRVANLIVÉ",
        "MEDY A SL. POMAZÁNKY"
      ],
      "prices": [
        {
          "store_name": "Albert",
          "price": 49.9,
          "original_price": null,
          "unit_price": 113.41,
          "unit": "Kg",
          "package_size": "440 g",
          "condition": null
        }
      ],
      "description": null
    },
    {
      "name": "Colgate Max White Sparkle Diamonds zubní pasta",
      "brand": "Colgate",
      "product_url": "https://wolt.com/cs/cze/prague/venue/albert-vinohradska/colgate-max-white-sparkle-diamonds-zubni-pasta-itemid-64ca0b7cba162577de489a6b",
      "image_url": "https://imageproxy.wolt.com/menu/menu-images/64ffec4406cca0140dfab831/1323ac98-8eb5-11ee-b66d-224a9e8cb6c6_25476316.jpg",
      "categories": [
        "DROGERIE A KOSMETIKA",
        "ÚSTNÍ HYGIENA"
      ],
      "prices": [
        {
          "store_name": "Albert",
          "price": 62.9,
          "original_price": null,
          "unit_price": 838.67,
          "unit": "l",
          "package_size": "75 ml",
          "condition": null
        }
      ],
      "description": null
    },
    {
      "name": "Bon Pari Šumivé",
      "brand": "Bon",
      "product_url": "https://wolt.com/cs/cze/prague/venue/albert-vinohradska/bon-pari-sumive-itemid-64ca0b7cba162577de48994b",
      "image_url": "https://imageproxy.wolt.com/menu/menu-images/64ffec4406cca0140dfab831/b22644ae-8eb0-11ee-a2f7-b6077702759d_23938311.jpg",
      "categories": [
        "TRVANLIVÉ",
        "SLADKOSTI"
      ],
      "prices": [
        {
          "store_name": "Albert",
          "price": 19.9,
          "original_price": null,
          "unit_price": 248.75,
          "unit": "Kg",
          "package_size": "80 g",
          "condition": null
        }
      ],
      "description": null
    },
    {
      "name": "Albert Francouzská směs hluboce zmrazená",
      "brand": "Albert",
      "product_url": "https://wolt.com/cs/cze/prague/venue/albert-vinohradska/albert-francouzska-smes-hluboce-zmrazena-itemid-6876153a0c6218e9f3e5f41b",
      "image_url": "https://imageproxy.wolt.com/menu/menu-images/64b62ec5e5ab70cdc92e30f0/ec452988-616e-11f0-b7d1-aa3bb4f4f457_24897150.jpg",
      "categories": [
        "MRAŽENÉ POTRAVINY",
        "MRAŽENÉ OVOCE A ZELENINA"
      ],
      "prices": [
        {
          "store_name": "Albert",
          "price": 27.9,
          "original_price": null,
          "unit_price": 79.71,
          "unit": "Kg",
          "package_size": "350 g",
          "condition": null
        }
      ],
      "description": null
    },
    {
      "name": "Mei Ning Vepřový luncheon meat",
      "brand": "Mei",
      "product_url": "https://wolt.com/cs/cze/prague/venue/albert-vinohradska/mei-ning-veprovy-luncheon-meat-itemid-657233256818b938df94864d",
      "image_url": "https://imageproxy.wolt.com/menu/menu-images/64ffec4406cca0140dfab831/571205d6-8eb4-11ee-9cb7-0208801a60c2_25287325.jpg",
      "categories": [
        "TRVANLIVÉ",
        "KONZERVOVANÉ POTR."
      ],
      "prices": [
        {
          "store_name": "Albert",
          "price": 45.9,
          "original_price": null,
          "unit_price": 114.75,
          "unit": "Kg",
          "package_size": "400 g",
          "condition": null
        }
      ],
      "description": null
    },
    {
      "name": "Okurka hadovka",
      "brand": "Okurka",
      "product_url": "https://wolt.com/cs/cze/prague/venue/albert-vinohradska/okurka-hadovka-itemid-64ca0b7cba162577de488733",
      "image_url": "https://imageproxy.wolt.com/menu/menu-images/64ffec4406cca0140dfab831/03822df8-8ead-11ee-804d-1aab45c8976d_20444624.jpg",
      "categories": [
        "OVOCE A ZELENINA",
        "ZELENINA"
      ],
      "prices": [
        {
          "store_name": "Albert",
          "price": 29.9,
          "original_price": null,
          "unit_price": 29.9,
          "unit": "ks",
          "package_size": "‪1‬ kus",
          "condition": null
        }
      ],
      "description": null
    },
    {
      "name": "Pepino Kondomy Doule mix",
      "brand": "Pepino",
      "product_url": "https://wolt.com/cs/cze/prague/venue/albert-vinohradska/pepino-kondomy-doule-mix-itemid-6601f49faf25c2c5f59ac24d",
      "image_url": "https://imageproxy.wolt.com/menu/menu-images/6601c613e48d1c8d95333085/144440da-eae3-11ee-8453-b61162878c08_26434148.jpg",
      "categories": [
        "DROGERIE A KOSMETIKA",
        "PRO INTIMNÍ CHVÍLE"
      ],
      "prices": [
        {
          "store_name": "Albert",
          "price": 149.9,
          "original_price": null,
          "unit_price": 12.49,
          "unit": "ks",
          "package_size": "‪12‬ kusů",
          "condition": null
        }
      ],
      "description": null
    },
    {
      "name": "Schluckwerder Marcipán v hořké čokoládě",
      "brand": "Schluckwerder",
      "product_url": "https://wolt.com/cs/cze/prague/venue/albert-vinohradska/schluckwerder-marcipan-v-horke-cokolade-itemid-66021c964d26d7aada3115d4",
      "image_url": "https://imageproxy.wolt.com/menu/menu-images/6601c613e48d1c8d95333085/69471f84-eae4-11ee-a95b-667d50b09927_27574577.jpg",
      "categories": [
        "TRVANLIVÉ",
        "SLADKOSTI"
      ],
      "prices": [
        {
          "store_name": "Albert",
          "price": 34.9,
          "original_price": null,
          "unit_price": 349.0,
          "unit": "Kg",
          "package_size": "100 g",
          "condition": "Vyprodáno"
        }
      ],
      "description": null
    },
    {
      "name": "Loyd Bylinno-ovocný čaj brusinky a maliny",
      "brand": "Loyd",
      "product_url": "https://wolt.com/cs/cze/prague/venue/albert-vinohradska/loyd-bylinno-ovocny-caj-brusinky-a-maliny-itemid-64ca0b7cba162577de488bdf",
      "image_url": "https://imageproxy.wolt.com/menu/menu-images/64ffec4406cca0140dfab831/5338c1f6-8eba-11ee-90ee-f676b94e1855_26607955.jpg",
      "categories": [
        "NÁPOJE",
        "KÁVA A ČAJ"
      ],
      "prices": [
        {
          "store_name": "Albert",
          "price": 44.9,
          "original_price": null,
          "unit_price": 1122.5,
          "unit": "Kg",
          "package_size": "40 g",
          "condition": null
        }
      ],
      "description": null
    },
    {
      "name": "Nivea Volume Care lak na vlasy",
      "brand": "Nivea",
      "product_url": "https://wolt.com/cs/cze/prague/venue/albert-vinohradska/nivea-volume-care-lak-na-vlasy-itemid-64ca0b7cba162577de489d6e",
      "image_url": "https://imageproxy.wolt.com/menu/menu-images/64ffec4406cca0140dfab831/fd9577b8-8eae-11ee-9480-06dbe2f769e5_22980915.jpg",
      "categories": [
        "DROGERIE A KOSMETIKA",
        "PÉČE O VLASY"
      ],
      "prices": [
        {
          "store_name": "Albert",
          "price": 159.0,
          "original_price": null,
          "unit_price": 636.0,
          "unit": "l",
          "package_size": "250 ml",
          "condition": null
        }
      ],
      "description": null
    },
    {
      "name": "Albert Excellent Kachní paštika s portským vínem",
      "brand": "Albert Excellent",
      "product_url": "https://wolt.com/cs/cze/prague/venue/albert-vinohradska/albert-excellent-kachni-pastika-s-portskym-vinem-itemid-657233256818b938df947844",
      "image_url": "https://imageproxy.wolt.com/menu/menu-images/64ffec4406cca0140dfab831/7c0742e6-8ec0-11ee-87ef-cef5e19e5e09_27180044.jpg",
      "categories": [
        "UZENINY A LAHŮDKY",
        "PAŠTIKY"
      ],
      "prices": [
        {
          "store_name": "Albert",
          "price": 41.9,
          "original_price": null,
          "unit_price": 349.17,
          "unit": "Kg",
          "package_size": "120 g",
          "condition": null
        }
      ],
      "description": null
    },
    {
      "name": "Franz Josef Kaiser Kapary v nálevu",
      "brand": "Franz Josef Kaiser",
      "product_url": "https://wolt.com/cs/cze/prague/venue/albert-vinohradska/franz-josef-kaiser-kapary-v-nalevu-itemid-64ca0b7cba162577de4888f1",
      "image_url": "https://imageproxy.wolt.com/menu/menu-images/63ad795db242366d1f818f36/e020c7ee-f8ef-11ef-a0b5-5ee043d60a6c_26179070.jpg",
      "categories": [
        "TRVANLIVÉ",
        "KONZERVOVANÉ POTR."
      ],
      "prices": [
        {
          "store_name": "Albert",
          "price": 42.9,
          "original_price": null,
          "unit_price": 715.0,
          "unit": "Kg",
          "package_size": "60 g",
          "condition": null
        }
      ],
      "description": null
    },
    {
      "name": "Chocoland Mořské plody pralinky čokoládové",
      "brand": "Chocoland",
      "product_url": "https://wolt.com/cs/cze/prague/venue/albert-vinohradska/chocoland-morske-plody-pralinky-cokoladove-itemid-657233256818b938df94801a",
      "image_url": "https://imageproxy.wolt.com/menu/menu-images/64ffec4406cca0140dfab831/f176244e-8eba-11ee-bcc3-feea992db910_26700045.jpg",
      "categories": [
        "TRVANLIVÉ",
        "SLADKOSTI"
      ],
      "prices": [
        {
          "store_name": "Albert",
          "price": 179.0,
          "original_price": null,
          "unit_price": 716.0,
          "unit": "Kg",
          "package_size": "250 g",
          "condition": null
        }
      ],
      "description": null
    },
    {
      "name": "Exotic Food Authentic Thai sladká chilli omáčka",
      "brand": "Exotic",
      "product_url": "https://wolt.com/cs/cze/prague/venue/albert-vinohradska/exotic-food-authentic-thai-sladka-chilli-omacka-itemid-64ca0b7cba162577de489cf3",
      "image_url": "https://imageproxy.wolt.com/menu/menu-images/64ffec4406cca0140dfab831/379680a6-8eaf-11ee-96a9-66832535a71f_23205345.jpg",
      "categories": [
        "TRVANLIVÉ",
        "MEZINÁRODNÍ KUCHYNĚ"
      ],
      "prices": [
        {
          "store_name": "Albert",
          "price": 119.9,
          "original_price": null,
          "unit_price": 165.38,
          "unit": "l",
          "package_size": "725 ml",
          "condition": null
        }
      ],
      "description": null
    },
    {
      "name": "Lindt Čokoláda s lískovými ořechy",
      "brand": "Lindt",
      "product_url": "https://wolt.com/cs/cze/prague/venue/albert-vinohradska/lindt-cokolada-s-liskovymi-orechy-itemid-64ca0b7cba162577de489c7e",
      "image_url": "https://imageproxy.wolt.com/menu/menu-images/64ffec4406cca0140dfab831/ce058f7a-8ead-11ee-acdf-1ef82258dff4_21262470.jpg",
      "categories": [
        "TRVANLIVÉ",
        "SLADKOSTI"
      ],
      "prices": [
        {
          "store_name": "Albert",
          "price": 299.0,
          "original_price": null,
          "unit_price": 996.67,
          "unit": "Kg",
          "package_size": "300 g",
          "condition": "Vyprodáno"
        }
      ],
      "description": null
    },
    {
      "name": "La Bohéma Tuzemák 37,5%",
      "brand": "La Bohéma",
      "product_url": "https://wolt.com/cs/cze/prague/venue/albert-vinohradska/la-bohema-tuzemak-37-5-itemid-64ca0b7cba162577de488659",
      "image_url": "https://imageproxy.wolt.com/menu/menu-images/64ffec4406cca0140dfab831/8c6cf8f4-8ec2-11ee-8029-9a1f6ae41663_27306574.jpg",
      "categories": [
        "NÁPOJE",
        "LIHOVINY"
      ],
      "prices": [
        {
          "store_name": "Albert",
          "price": 144.9,
          "original_price": null,
          "unit_price": 289.8,
          "unit": "l",
          "package_size": "500 ml, 37,5% alc",
          "condition": "18+"
        }
      ],
      "description": null
    },
    {
      "name": "Albert Excellent Burger Angus",
      "brand": "Albert Excellent",
      "product_url": "https://wolt.com/cs/cze/prague/venue/albert-vinohradska/albert-excellent-burger-angus-itemid-64ca0b7cba162577de488699",
      "image_url": "https://imageproxy.wolt.com/menu/menu-images/64ffec4406cca0140dfab831/c3d39542-8ec1-11ee-9075-22bb34ae47e9_27259337.jpg",
      "categories": [
        "MASO A RYBY",
        "MLETÉ MASO"
      ],
      "prices": [
        {
          "store_name": "Albert",
          "price": null,
          "original_price": null,
          "unit_price": 345.77,
          "unit": "Kg",
          "package_size": "260 g",
          "condition": "Sleva"
        }
      ],
      "description": null
    },
    {
      "name": "Bonavita Müsli 3 druhy čokolády",
      "brand": "Bonavita",
      "product_url": "https://wolt.com/cs/cze/prague/venue/albert-vinohradska/bonavita-musli-3-druhy-cokolady-itemid-64ca0b7cba162577de488abd",
      "image_url": "https://imageproxy.wolt.com/menu/menu-images/64ffec4406cca0140dfab831/217ac3ee-8eb5-11ee-abbd-96ff514b0205_25509571.jpg",
      "categories": [
        "TRVANLIVÉ",
        "MÜSLI A CEREÁLIE"
      ],
      "prices": [
        {
          "store_name": "Albert",
          "price": 115.9,
          "original_price": null,
          "unit_price": 165.57,
          "unit": "Kg",
          "package_size": "700 g",
          "condition": null
        }
      ],
      "description": null
    },
    {
      "name": "Mississippi Barbecue Sauce ORIGINAL",
      "brand": "Mississippi",
      "product_url": "https://wolt.com/cs/cze/prague/venue/albert-vinohradska/mississippi-barbecue-sauce-original-itemid-64ca0b7cba162577de48a4a1",
      "image_url": "https://imageproxy.wolt.com/menu/menu-images/64ffec4406cca0140dfab831/71196f56-8ec7-11ee-9b99-6e0f65c8f049_27658505.jpg",
      "categories": [
        "TRVANLIVÉ",
        "KEČUPY A HOŘČICE"
      ],
      "prices": [
        {
          "store_name": "Albert",
          "price": 139.9,
          "original_price": null,
          "unit_price": 274.31,
          "unit": "Kg",
          "package_size": "510 g",
          "condition": null
        }
      ],
      "description": null
    },
    {
      "name": "Albert Gothajský salám",
      "brand": "Albert",
      "product_url": "https://wolt.com/cs/cze/prague/venue/albert-vinohradska/albert-gothajsky-salam-itemid-64ca0b7cba162577de4894ba",
      "image_url": "https://imageproxy.wolt.com/menu/menu-images/64ffec4406cca0140dfab831/e76f41b2-8ebd-11ee-bea9-362baa77ef89_26976150.jpg",
      "categories": [
        "UZENINY A LAHŮDKY",
        "SALÁMY"
      ],
      "prices": [
        {
          "store_name": "Albert",
          "price": 68.9,
          "original_price": null,
          "unit_price": 172.25,
          "unit": "Kg",
          "package_size": "400 g",
          "condition": null
        }
      ],
      "description": null
    },
    {
      "name": "Listerine Fresh Burst ústní voda",
      "brand": "Listerine",
      "product_url": "https://wolt.com/cs/cze/prague/venue/albert-vinohradska/listerine-fresh-burst-ustni-voda-itemid-64ca0b7cba162577de489e55",
      "image_url": "https://imageproxy.wolt.com/menu/menu-images/64ffec4406cca0140dfab831/df16d7f2-8eb1-11ee-8b02-fe2992cf6bd0_24593687.jpg",
      "categories": [
        "DROGERIE A KOSMETIKA",
        "ÚSTNÍ HYGIENA"
      ],
      "prices": [
        {
          "store_name": "Albert",
          "price": 79.9,
          "original_price": null,
          "unit_price": 159.8,
          "unit": "l",
          "package_size": "500 ml",
          "condition": null
        }
      ],
      "description": null
    },
    {
      "name": "Halls Extra Strong bonbony mentolové",
      "brand": "Halls",
      "product_url": "https://wolt.com/cs/cze/prague/venue/albert-vinohradska/halls-extra-strong-bonbony-mentolove-itemid-64ca0b7cba162577de48941b",
      "image_url": "https://imageproxy.wolt.com/menu/menu-images/64ffec4406cca0140dfab831/a7ccb5f0-8eac-11ee-983e-1af7753b7a63_20317386.jpg",
      "categories": [
        "TRVANLIVÉ",
        "SLADKOSTI"
      ],
      "prices": [
        {
          "store_name": "Albert",
          "price": null,
          "original_price": null,
          "unit_price": 360.61,
          "unit": "Kg",
          "package_size": "33 g",
          "condition": "Sleva"
        }
      ],
      "description": null
    },
    {
      "name": "Amundsen Vodka 37,5%",
      "brand": "Amundsen",
      "product_url": "https://wolt.com/cs/cze/prague/venue/albert-vinohradska/amundsen-vodka-37-5-itemid-657233256818b938df94860f",
      "image_url": "https://imageproxy.wolt.com/menu/menu-images/63ad795db242366d1f818f36/f1d0f00c-ed43-11ef-8243-46a20cae12e9_26252766.jpg",
      "categories": [
        "NÁPOJE",
        "LIHOVINY"
      ],
      "prices": [
        {
          "store_name": "Albert",
          "price": 249.0,
          "original_price": null,
          "unit_price": 355.71,
          "unit": "l",
          "package_size": "700 ml, 37,5% alc",
          "condition": "18+"
        }
      ],
      "description": null
    },
    {
      "name": "Emma Kuličky kakaové",
      "brand": "Emma",
      "product_url": "https://wolt.com/cs/cze/prague/venue/albert-vinohradska/emma-kulicky-kakaove-itemid-64ca0b7cba162577de4881b7",
      "image_url": "https://imageproxy.wolt.com/menu/menu-images/63ad795db242366d1f818f36/993ccd44-aef6-11ee-aac6-8e89544a735b_25738070.jpg",
      "categories": [
        "TRVANLIVÉ",
        "MÜSLI A CEREÁLIE"
      ],
      "prices": [
        {
          "store_name": "Albert",
          "price": 29.9,
          "original_price": null,
          "unit_price": 119.6,
          "unit": "Kg",
          "package_size": "250 g",
          "condition": null
        }
      ],
      "description": null
    },
    {
      "name": "Brit Premium by Nature adult M",
      "brand": "Brit",
      "product_url": "https://wolt.com/cs/cze/prague/venue/albert-vinohradska/brit-premium-by-nature-adult-m-itemid-6602176acc3189833843f246",
      "image_url": "https://imageproxy.wolt.com/menu/menu-images/6601c613e48d1c8d95333085/16b2e4f0-eae5-11ee-816e-121690ac152c_27780022.jpg",
      "categories": [
        "ZVÍŘATA",
        "PSI"
      ],
      "prices": [
        {
          "store_name": "Albert",
          "price": 329.0,
          "original_price": null,
          "unit_price": 109.67,
          "unit": "Kg",
          "package_size": "3 kg",
          "condition": null
        }
      ],
      "description": null
    },
    {
      "name": "Olma Dezert pudinkový se šlehačkou vanilkový",
      "brand": "Olma",
      "product_url": "https://wolt.com/cs/cze/prague/venue/albert-vinohradska/olma-dezert-pudinkovy-se-slehackou-vanilkovy-itemid-64ca0b7cba162577de48959c",
      "image_url": "https://imageproxy.wolt.com/menu/menu-images/64ffec4406cca0140dfab831/0e6665e6-8eac-11ee-a14d-f2a93e51b7a9_20293871.jpg",
      "categories": [
        "MLÉČNÉ A CHLAZENÉ",
        "JOGURTY A DEZERTY"
      ],
      "prices": [
        {
          "store_name": "Albert",
          "price": 19.9,
          "original_price": null,
          "unit_price": 99.5,
          "unit": "Kg",
          "package_size": "200 g",
          "condition": "Vyprodáno"
        }
      ],
      "description": null
    },
    {
      "name": "Persil Prací kapsle Deep Clean Color",
      "brand": "Persil",
      "product_url": "https://wolt.com/cs/cze/prague/venue/albert-vinohradska/persil-praci-kapsle-deep-clean-color-itemid-64ca0b7cba162577de48a25c",
      "image_url": "https://imageproxy.wolt.com/menu/menu-images/64ffec4406cca0140dfab831/2862e32c-8eb9-11ee-bcb4-c64f1deb8de2_26371481.jpg",
      "categories": [
        "DROGERIE A KOSMETIKA",
        "PRACÍ PROSTŘEDKY"
      ],
      "prices": [
        {
          "store_name": "Albert",
          "price": 379.0,
          "original_price": null,
          "unit_price": 8.61,
          "unit": "ks",
          "package_size": "‪44‬ kusů",
          "condition": null
        }
      ],
      "description": null
    },
    {
      "name": "Albert Proteinová tyčinka s kakaem a kokosem",
      "brand": "Albert",
      "product_url": "https://wolt.com/cs/cze/prague/venue/albert-vinohradska/albert-proteinova-tycinka-s-kakaem-a-kokosem-itemid-64ca0b7cba162577de4888d9",
      "image_url": "https://imageproxy.wolt.com/menu/menu-images/64ffec4406cca0140dfab831/19a62040-8ec5-11ee-9337-86f1953ceff6_27520062.jpg",
      "categories": [
        "TRVANLIVÉ",
        "SLADKOSTI"
      ],
      "prices": [
        {
          "store_name": "Albert",
          "price": 29.9,
          "original_price": null,
          "unit_price": 598.0,
          "unit": "Kg",
          "package_size": "50 g",
          "condition": null
        }
      ],
      "description": null
    },
    {
      "name": "Nominal Mug Cake čokoládový bez lepku",
      "brand": "Nominal",
      "product_url": "https://wolt.com/cs/cze/prague/venue/albert-vinohradska/nominal-mug-cake-cokoladovy-bez-lepku-itemid-66020ee8428363e8e375e042",
      "image_url": "https://imageproxy.wolt.com/menu/menu-images/6601c613e48d1c8d95333085/4463ace0-eae5-11ee-87f2-aae3aea8b537_27821435.jpg",
      "categories": [
        "TRVANLIVÉ",
        "MÜSLI A CEREÁLIE"
      ],
      "prices": [
        {
          "store_name": "Albert",
          "price": null,
          "original_price": null,
          "unit_price": 498.33,
          "unit": "Kg",
          "package_size": "60 g",
          "condition": "Sleva"
        }
      ],
      "description": null
    },
    {
      "name": "Hello Ovocná přesnídávka s mangem",
      "brand": "Hello",
      "product_url": "https://wolt.com/cs/cze/prague/venue/albert-vinohradska/hello-ovocna-presnidavka-s-mangem-itemid-64ca0b7cba162577de4891ae",
      "image_url": "https://imageproxy.wolt.com/menu/menu-images/63ad795db242366d1f818f36/162fd9be-7826-11f0-839c-16f6584dc184_25430882.jpg",
      "categories": [
        "DÍTĚ",
        "VÝŽIVA"
      ],
      "prices": [
        {
          "store_name": "Albert",
          "price": 11.9,
          "original_price": null,
          "unit_price": 62.63,
          "unit": "Kg",
          "package_size": "190 g",
          "condition": null
        }
      ],
      "description": null
    },
    {
      "name": "Vepřová kýta bez kosti v celku",
      "brand": null,
      "product_url": "https://wolt.com/cs/cze/prague/venue/albert-vinohradska/veprova-kyta-bez-kosti-v-celku-itemid-657233256818b938df947a30",
      "image_url": "https://imageproxy.wolt.com/menu/menu-images/64ffec4406cca0140dfab831/cc0d4cf2-8eae-11ee-ad8a-ca969f421442_22840196.jpg",
      "categories": [
        "MASO A RYBY",
        "VEPŘOVÉ"
      ],
      "prices": [
        {
          "store_name": "Albert",
          "price": 179.55,
          "original_price": null,
          "unit_price": null,
          "unit": null,
          "package_size": null,
          "condition": "Vyprodáno"
        }
      ],
      "description": null
    },
    {
      "name": "Aquila První voda neperlivá kojenecká",
      "brand": "Aquila",
      "product_url": "https://wolt.com/cs/cze/prague/venue/albert-vinohradska/aquila-prvni-voda-neperliva-kojenecka-itemid-657233256818b938df948748",
      "image_url": "https://imageproxy.wolt.com/menu/menu-images/63ad795db242366d1f818f36/fcd509ea-a8e9-11f0-9915-364ebb6da15b_24182843.jpg",
      "categories": [
        "NÁPOJE",
        "VODY A MINERÁLKY"
      ],
      "prices": [
        {
          "store_name": "Albert",
          "price": 14.9,
          "original_price": null,
          "unit_price": 19.87,
          "unit": "l",
          "package_size": "750 ml",
          "condition": null
        }
      ],
      "description": null
    },
    {
      "name": "Créme Bonjour original",
      "brand": "Créme",
      "product_url": "https://wolt.com/cs/cze/prague/venue/albert-vinohradska/creme-bonjour-original-itemid-64ca0b7cba162577de4898aa",
      "image_url": "https://imageproxy.wolt.com/menu/menu-images/63ad795db242366d1f818f36/7bc330c6-998b-11ee-8550-021e1722c197_22277541.jpg",
      "categories": [
        "MLÉČNÉ A CHLAZENÉ",
        "MÁSLO A TUKY"
      ],
      "prices": [
        {
          "store_name": "Albert",
          "price": 59.9,
          "original_price": null,
          "unit_price": 239.6,
          "unit": "Kg",
          "package_size": "250 g",
          "condition": null
        }
      ],
      "description": null
    },
    {
      "name": "YO Sirup jahoda",
      "brand": "YO",
      "product_url": "https://wolt.com/cs/cze/prague/venue/albert-vinohradska/yo-sirup-jahoda-itemid-64ca0b7cba162577de489176",
      "image_url": "https://imageproxy.wolt.com/menu/menu-images/64ffec4406cca0140dfab831/adaea3a4-8eaf-11ee-a4b1-12ad6b72684e_23476837.jpg",
      "categories": [
        "NÁPOJE",
        "SIRUPY A KONCENTRÁTY"
      ],
      "prices": [
        {
          "store_name": "Albert",
          "price": 94.9,
          "original_price": null,
          "unit_price": 135.57,
          "unit": "l",
          "package_size": "700 ml",
          "condition": null
        }
      ],
      "description": null
    },
    {
      "name": "Bonduelle Gold Zlatá kukuřice",
      "brand": "Bonduelle",
      "product_url": "https://wolt.com/cs/cze/prague/venue/albert-vinohradska/bonduelle-gold-zlata-kukurice-itemid-64ca0b7cba162577de489002",
      "image_url": "https://imageproxy.wolt.com/menu/menu-images/63ad795db242366d1f818f36/caea60dc-7825-11f0-8621-8af562177a90_20324254.jpg",
      "categories": [
        "TRVANLIVÉ",
        "KONZERVOVANÉ POTR."
      ],
      "prices": [
        {
          "store_name": "Albert",
          "price": 41.9,
          "original_price": null,
          "unit_price": 299.29,
          "unit": "Kg",
          "package_size": "140 g",
          "condition": null
        }
      ],
      "description": null
    },
    {
      "name": "Sam Mills Pasta d'Oro Penne bez lepku",
      "brand": "Sam",
      "product_url": "https://wolt.com/cs/cze/prague/venue/albert-vinohradska/sam-mills-pasta-d-oro-penne-bez-lepku-itemid-64ca0b7cba162577de488995",
      "image_url": "https://imageproxy.wolt.com/menu/menu-images/64ffec4406cca0140dfab831/1a98f756-8ebc-11ee-87ab-faffdc4b9b96_26820149.jpg",
      "categories": [
        "TRVANLIVÉ",
        "TĚSTOVINY A KUSKUS"
      ],
      "prices": [
        {
          "store_name": "Albert",
          "price": null,
          "original_price": null,
          "unit_price": 67.8,
          "unit": "Kg",
          "package_size": "500 g",
          "condition": "Sleva"
        }
      ],
      "description": null
    },
    {
      "name": "Albert Zámecký sýr 45% plátky",
      "brand": "Albert",
      "product_url": "https://wolt.com/cs/cze/prague/venue/albert-vinohradska/albert-zamecky-syr-45-platky-itemid-657233256818b938df948828",
      "image_url": "https://imageproxy.wolt.com/menu/menu-images/64ffec4406cca0140dfab831/02727ba8-8ec0-11ee-863b-9ec5d8563a7d_27153123.jpg",
      "categories": [
        "MLÉČNÉ A CHLAZENÉ",
        "SÝRY"
      ],
      "prices": [
        {
          "store_name": "Albert",
          "price": 29.9,
          "original_price": null,
          "unit_price": 299.0,
          "unit": "Kg",
          "package_size": "100 g",
          "condition": null
        }
      ],
      "description": null
    },
    {
      "name": "Albert Termix kapsička s příchutí kakaa",
      "brand": "Albert",
      "product_url": "https://wolt.com/cs/cze/prague/venue/albert-vinohradska/albert-termix-kapsicka-s-prichuti-kakaa-itemid-64ca0b7cba162577de489253",
      "image_url": "https://imageproxy.wolt.com/menu/menu-images/64ffec4406cca0140dfab831/6005b91e-8ebc-11ee-95f1-76bc1f0dfb09_26841472.jpg",
      "categories": [
        "MLÉČNÉ A CHLAZENÉ",
        "JOGURTY A DEZERTY"
      ],
      "prices": [
        {
          "store_name": "Albert",
          "price": 17.9,
          "original_price": null,
          "unit_price": 223.75,
          "unit": "Kg",
          "package_size": "80 g",
          "condition": null
        }
      ],
      "description": null
    },
    {
      "name": "Nature's Promise Bio Ovesný nápoj",
      "brand": "Nature's Promise",
      "product_url": "https://wolt.com/cs/cze/prague/venue/albert-vinohradska/nature-s-promise-bio-ovesny-napoj-itemid-64ca0b7cba162577de4882b5",
      "image_url": "https://imageproxy.wolt.com/menu/menu-images/64ffec4406cca0140dfab831/c23d54ac-8ec6-11ee-bb7e-9a1f6ae41663_27622780.jpg",
      "categories": [
        "MLÉČNÉ A CHLAZENÉ",
        "ROSTLINNÉ PRODUKTY"
      ],
      "prices": [
        {
          "store_name": "Albert",
          "price": 24.9,
          "original_price": null,
          "unit_price": 24.9,
          "unit": "l",
          "package_size": "1 l",
          "condition": null
        }
      ],
      "description": null
    },
    {
      "name": "Croco Preclíky a crackery mix",
      "brand": "Croco",
      "product_url": "https://wolt.com/cs/cze/prague/venue/albert-vinohradska/croco-precliky-a-crackery-mix-itemid-64ca0b7cba162577de48978a",
      "image_url": "https://imageproxy.wolt.com/menu/menu-images/64ffec4406cca0140dfab831/ccdbc83c-8ec4-11ee-b2a6-4eeff7c63e9c_27494929.jpg",
      "categories": [
        "TRVANLIVÉ",
        "SLANÉ"
      ],
      "prices": [
        {
          "store_name": "Albert",
          "price": 69.9,
          "original_price": null,
          "unit_price": 139.8,
          "unit": "Kg",
          "package_size": "500 g",
          "condition": "Vyprodáno"
        }
      ],
      "description": null
    },
    {
      "name": "Lotus Biscoff pomazánka smooth",
      "brand": "Lotus",
      "product_url": "https://wolt.com/cs/cze/prague/venue/albert-vinohradska/lotus-biscoff-pomazanka-smooth-itemid-64ca0b7cba162577de4899f6",
      "image_url": "https://imageproxy.wolt.com/menu/menu-images/6745ec28c3b7723db3588430/0ed9be1e-d4fb-11f0-a22b-6213880840b1_27499726.jpg",
      "categories": [
        "TRVANLIVÉ",
        "MEDY A SL. POMAZÁNKY"
      ],
      "prices": [
        {
          "store_name": "Albert",
          "price": 175.0,
          "original_price": null,
          "unit_price": 243.06,
          "unit": "Kg",
          "package_size": "720 g",
          "condition": null
        }
      ],
      "description": null
    },
    {
      "name": "Dr. Oetker Ztužovač želatinový",
      "brand": "Dr. Oetker",
      "product_url": "https://wolt.com/cs/cze/prague/venue/albert-vinohradska/dr-oetker-ztuzovac-zelatinovy-itemid-64ca0b7cba162577de489cfb",
      "image_url": "https://imageproxy.wolt.com/menu/menu-images/63ad795db242366d1f818f36/ff3008ca-a8e9-11f0-b423-6ec0f414a594_24421768.jpg",
      "categories": [
        "TRVANLIVÉ",
        "PEČENÍ A VAŘENÍ"
      ],
      "prices": [
        {
          "store_name": "Albert",
          "price": 33.9,
          "original_price": null,
          "unit_price": 678.0,
          "unit": "Kg",
          "package_size": "50 g",
          "condition": null
        }
      ],
      "description": null
    },
    {
      "name": "Albert Bramborová kaše s mlékem",
      "brand": "Albert",
      "product_url": "https://wolt.com/cs/cze/prague/venue/albert-vinohradska/albert-bramborova-kase-s-mlekem-itemid-64ca0b7cba162577de4891d3",
      "image_url": "https://imageproxy.wolt.com/menu/menu-images/64ffec4406cca0140dfab831/45ee6f12-8eb2-11ee-a38f-3ed0b25e551d_24694803.jpg",
      "categories": [
        "TRVANLIVÉ",
        "PEČENÍ A VAŘENÍ"
      ],
      "prices": [
        {
          "store_name": "Albert",
          "price": 19.9,
          "original_price": null,
          "unit_price": 173.04,
          "unit": "Kg",
          "package_size": "115 g",
          "condition": null
        }
      ],
      "description": null
    },
    {
      "name": "7Days Croissant náplň vanilka a jahoda",
      "brand": "7Days",
      "product_url": "https://wolt.com/cs/cze/prague/venue/albert-vinohradska/7days-croissant-napln-vanilka-a-jahoda-itemid-66021bacaf091defeca07ff1",
      "image_url": "https://imageproxy.wolt.com/menu/menu-images/6601c613e48d1c8d95333085/7af07946-eae5-11ee-ba0b-66a4d0af098d_27843925.jpg",
      "categories": [
        "PEKÁRNA A CUKRÁRNA",
        "SLADKÉ PEČIVO BALENÉ"
      ],
      "prices": [
        {
          "store_name": "Albert",
          "price": 23.9,
          "original_price": null,
          "unit_price": 298.75,
          "unit": "Kg",
          "package_size": "80 g",
          "condition": null
        }
      ],
      "description": null
    },
    {
      "name": "Beefeater Blood Orange 37,5%",
      "brand": "Beefeater",
      "product_url": "https://wolt.com/cs/cze/prague/venue/albert-vinohradska/beefeater-blood-orange-37-5-itemid-64ca0b7cba162577de488ab3",
      "image_url": "https://imageproxy.wolt.com/menu/menu-images/64ffec4406cca0140dfab831/dd771320-8ec1-11ee-b171-bed63d7a3e3f_27265444.jpg",
      "categories": [
        "NÁPOJE",
        "LIHOVINY"
      ],
      "prices": [
        {
          "store_name": "Albert",
          "price": 509.0,
          "original_price": null,
          "unit_price": 727.14,
          "unit": "l",
          "package_size": "700 ml, 37,5% alc",
          "condition": "18+"
        }
      ],
      "description": null
    },
    {
      "name": "Příborový set bio dřevěný",
      "brand": "Příborový",
      "product_url": "https://wolt.com/cs/cze/prague/venue/albert-vinohradska/priborovy-set-bio-dreveny-itemid-657233256818b938df9482ec",
      "image_url": "https://imageproxy.wolt.com/menu/menu-images/64ffec4406cca0140dfab831/40987172-8ec4-11ee-90a4-0aca939bb6cd_27458525.jpg",
      "categories": [
        "DOMÁCNOST A ZAHRADA",
        "JEDNORÁZOVÉ NÁDOBÍ"
      ],
      "prices": [
        {
          "store_name": "Albert",
          "price": 36.9,
          "original_price": null,
          "unit_price": 36.9,
          "unit": "ks",
          "package_size": "‪1‬ kus",
          "condition": "Vyprodáno"
        }
      ],
      "description": null
    },
    {
      "name": "Nature's Promise Bio Mouka špaldová celozrnná",
      "brand": "Nature's Promise",
      "product_url": "https://wolt.com/cs/cze/prague/venue/albert-vinohradska/nature-s-promise-bio-mouka-spaldova-celozrnna-itemid-64ca0b7cba162577de4894fc",
      "image_url": "https://imageproxy.wolt.com/menu/menu-images/64ffec4406cca0140dfab831/0a07a694-8ebc-11ee-bb46-4a6028ff4aea_26816463.jpg",
      "categories": [
        "TRVANLIVÉ",
        "PEČENÍ A VAŘENÍ"
      ],
      "prices": [
        {
          "store_name": "Albert",
          "price": null,
          "original_price": null,
          "unit_price": 48.9,
          "unit": "Kg",
          "package_size": "1 kg",
          "condition": "Sleva"
        }
      ],
      "description": null
    },
    {
      "name": "Raffaello",
      "brand": "Raffaello",
      "product_url": "https://wolt.com/cs/cze/prague/venue/albert-vinohradska/raffaello-itemid-6601e208a51e7fff8ad800f4",
      "image_url": "https://imageproxy.wolt.com/menu/menu-images/6601c613e48d1c8d95333085/a4994fd4-eae5-11ee-8e5e-daa57e6835e8_27854112.jpg",
      "categories": [
        "TRVANLIVÉ",
        "SLADKOSTI"
      ],
      "prices": [
        {
          "store_name": "Albert",
          "price": 219.0,
          "original_price": null,
          "unit_price": 952.17,
          "unit": "Kg",
          "package_size": "230 g",
          "condition": null
        }
      ],
      "description": null
    },
    {
      "name": "Red Bull Zero",
      "brand": "Red",
      "product_url": "https://wolt.com/cs/cze/prague/venue/albert-vinohradska/red-bull-zero-itemid-681b5abffcbd67bf7a8f4af5",
      "image_url": "https://imageproxy.wolt.com/menu/menu-images/63ad795db242366d1f818f36/d91648c2-2b47-11f0-884f-2615d9f0bf41_27971468.jpg",
      "categories": [
        "NÁPOJE",
        "ENERGY NÁPOJE"
      ],
      "prices": [
        {
          "store_name": "Albert",
          "price": 32.9,
          "original_price": null,
          "unit_price": 131.6,
          "unit": "l",
          "package_size": "250 ml",
          "condition": null
        }
      ],
      "description": null
    },
    {
      "name": "Kunín Smetana ke šlehání 31%",
      "brand": "Kunín",
      "product_url": "https://wolt.com/cs/cze/prague/venue/albert-vinohradska/kunin-smetana-ke-slehani-31-itemid-64ca0b7cba162577de48910d",
      "image_url": "https://imageproxy.wolt.com/menu/menu-images/63ad795db242366d1f818f36/1cd5636c-d996-11ef-b531-5e32e7611aaf_20312978.jpg",
      "categories": [
        "MLÉČNÉ A CHLAZENÉ",
        "SMETANY A ŠLEHAČKY"
      ],
      "prices": [
        {
          "store_name": "Albert",
          "price": 24.9,
          "original_price": null,
          "unit_price": 124.5,
          "unit": "Kg",
          "package_size": "200 g",
          "condition": null
        }
      ],
      "description": null
    },
    {
      "name": "River Tonic Pink Grapefruit",
      "brand": "River",
      "product_url": "https://wolt.com/cs/cze/prague/venue/albert-vinohradska/river-tonic-pink-grapefruit-itemid-657233256818b938df9483f9",
      "image_url": "https://imageproxy.wolt.com/menu/menu-images/64ffec4406cca0140dfab831/0acb833a-8eca-11ee-b267-0aced5f44939_27769102.jpg",
      "categories": [
        "NÁPOJE",
        "LIMONÁDY"
      ],
      "prices": [
        {
          "store_name": "Albert",
          "price": 36.9,
          "original_price": null,
          "unit_price": 18.45,
          "unit": "l",
          "package_size": "2 l",
          "condition": null
        }
      ],
      "description": null
    },
    {
      "name": "Cavatina Chianti Classico DOCG Riserva",
      "brand": "Cavatina",
      "product_url": "https://wolt.com/cs/cze/prague/venue/albert-vinohradska/cavatina-chianti-classico-docg-riserva-itemid-64ca0b7cba162577de48a675",
      "image_url": "https://imageproxy.wolt.com/menu/menu-images/64ffec4406cca0140dfab831/d07b3a44-8ec0-11ee-a47a-6aec994b6205_27198292.jpg",
      "categories": [
        "NÁPOJE",
        "VÍNA"
      ],
      "prices": [
        {
          "store_name": "Albert",
          "price": 299.0,
          "original_price": null,
          "unit_price": 398.67,
          "unit": "l",
          "package_size": "750 ml, 13,5% alc",
          "condition": "18+"
        }
      ],
      "description": null
    },
    {
      "name": "Jablka Red Delicious",
      "brand": "Jablka",
      "product_url": "https://wolt.com/cs/cze/prague/venue/albert-vinohradska/jablka-red-delicious-itemid-68b4adc28d23ab2116a50a25",
      "image_url": "https://imageproxy.wolt.com/menu/menu-images/64b62ec5e5ab70cdc92e30f0/733dd700-3ecf-11ef-ab4e-da598ab5034b_21260032.jpg",
      "categories": [
        "OVOCE A ZELENINA",
        "OVOCE"
      ],
      "prices": [
        {
          "store_name": "Albert",
          "price": 10.77,
          "original_price": null,
          "unit_price": null,
          "unit": null,
          "package_size": "~270 g",
          "condition": null
        }
      ],
      "description": null
    },
    {
      "name": "Hello Mango s vlákninou",
      "brand": "Hello",
      "product_url": "https://wolt.com/cs/cze/prague/venue/albert-vinohradska/hello-mango-s-vlakninou-itemid-64ca0b7cba162577de48981a",
      "image_url": "https://imageproxy.wolt.com/menu/menu-images/64ffec4406cca0140dfab831/3d2bcaac-8eb0-11ee-a191-b6077702759d_23712621.jpg",
      "categories": [
        "NÁPOJE",
        "DŽUSY A NEKTARY"
      ],
      "prices": [
        {
          "store_name": "Albert",
          "price": null,
          "original_price": null,
          "unit_price": 29.9,
          "unit": "l",
          "package_size": "1 l",
          "condition": "Sleva"
        }
      ],
      "description": null
    },
    {
      "name": "Vepy Placky špaldové",
      "brand": "Vepy",
      "product_url": "https://wolt.com/cs/cze/prague/venue/albert-vinohradska/vepy-placky-spaldove-itemid-64ca0b7cba162577de489824",
      "image_url": "https://imageproxy.wolt.com/menu/menu-images/64ffec4406cca0140dfab831/26b94fd8-8eba-11ee-981a-b287692f5450_26579214.jpg",
      "categories": [
        "PEKÁRNA A CUKRÁRNA",
        "RACIO A KNÄCKEBROT"
      ],
      "prices": [
        {
          "store_name": "Albert",
          "price": 35.9,
          "original_price": null,
          "unit_price": 359.0,
          "unit": "Kg",
          "package_size": "100 g",
          "condition": null
        }
      ],
      "description": null
    },
    {
      "name": "L'OR Classique mletá káva",
      "brand": "L'OR",
      "product_url": "https://wolt.com/cs/cze/prague/venue/albert-vinohradska/l-or-classique-mleta-kava-itemid-64ca0b7cba162577de48a32b",
      "image_url": "https://imageproxy.wolt.com/menu/menu-images/64ffec4406cca0140dfab831/b9eec8bc-8ebc-11ee-a6f6-3ac809dc7454_26864525.jpg",
      "categories": [
        "NÁPOJE",
        "KÁVA A ČAJ"
      ],
      "prices": [
        {
          "store_name": "Albert",
          "price": 184.0,
          "original_price": null,
          "unit_price": 736.0,
          "unit": "Kg",
          "package_size": "250 g",
          "condition": null
        }
      ],
      "description": null
    },
    {
      "name": "Relax mandarinka, maracuja a mango",
      "brand": "Relax",
      "product_url": "https://wolt.com/cs/cze/prague/venue/albert-vinohradska/relax-mandarinka-maracuja-a-mango-itemid-64ca0b7cba162577de48815f",
      "image_url": "https://imageproxy.wolt.com/menu/menu-images/64ffec4406cca0140dfab831/2327281e-8eaf-11ee-970d-62e43ee7e863_23151239.jpg",
      "categories": [
        "NÁPOJE",
        "DŽUSY A NEKTARY"
      ],
      "prices": [
        {
          "store_name": "Albert",
          "price": 24.9,
          "original_price": null,
          "unit_price": 24.9,
          "unit": "l",
          "package_size": "1 l",
          "condition": null
        }
      ],
      "description": null
    },
    {
      "name": "Delicata Hořká čokoláda fíky a vlašské ořechy",
      "brand": "Delicata",
      "product_url": "https://wolt.com/cs/cze/prague/venue/albert-vinohradska/delicata-horka-cokolada-fiky-a-vlasske-orechy-itemid-64ca0b7cba162577de4893d7",
      "image_url": "https://imageproxy.wolt.com/menu/menu-images/6745ec28c3b7723db3588430/1b9beb98-da6b-11f0-ba4e-f621ad431cab_27706763.jpg",
      "categories": [
        "TRVANLIVÉ",
        "SLADKOSTI"
      ],
      "prices": [
        {
          "store_name": "Albert",
          "price": 79.9,
          "original_price": null,
          "unit_price": 532.67,
          "unit": "Kg",
          "package_size": "150 g",
          "condition": null
        }
      ],
      "description": null
    },
    {
      "name": "Vepřové na guláš",
      "brand": "Vepřové",
      "product_url": "https://wolt.com/cs/cze/prague/venue/albert-vinohradska/veprove-na-gulas-itemid-64ca0b7cba162577de489151",
      "image_url": "https://imageproxy.wolt.com/menu/menu-images/64ffec4406cca0140dfab831/cc0bb5cc-8eae-11ee-9f2f-aa6a0c58eab8_22840080.jpg",
      "categories": [
        "MASO A RYBY",
        "VEPŘOVÉ"
      ],
      "prices": [
        {
          "store_name": "Albert",
          "price": 104.94,
          "original_price": null,
          "unit_price": null,
          "unit": null,
          "package_size": null,
          "condition": "Vyprodáno"
        }
      ],
      "description": null
    },
    {
      "name": "Linteo Baby Vlhčené ubrousky s měsíčkem lék.",
      "brand": "Linteo",
      "product_url": "https://wolt.com/cs/cze/prague/venue/albert-vinohradska/linteo-baby-vlhcene-ubrousky-s-mesickem-lek-itemid-64ca0b7cba162577de4886ad",
      "image_url": "https://imageproxy.wolt.com/menu/menu-images/64ffec4406cca0140dfab831/af5bcce4-8eb0-11ee-9143-1ec840397d06_23934788.jpg",
      "categories": [
        "DÍTĚ",
        "VLHČENÉ UBROUSKY"
      ],
      "prices": [
        {
          "store_name": "Albert",
          "price": null,
          "original_price": null,
          "unit_price": 0.28,
          "unit": "ks",
          "package_size": "‪72‬ kusů",
          "condition": "Sleva"
        }
      ],
      "description": null
    },
    {
      "name": "Tena Lady Extra inkontinenční vložky",
      "brand": "Tena",
      "product_url": "https://wolt.com/cs/cze/prague/venue/albert-vinohradska/tena-lady-extra-inkontinencni-vlozky-itemid-64ca0b7cba162577de488ef7",
      "image_url": "https://imageproxy.wolt.com/menu/menu-images/63ad795db242366d1f818f36/086ae99e-0609-11ef-957e-beb60a4dc8cc_26994413.jpg",
      "categories": [
        "DROGERIE A KOSMETIKA",
        "DÁMSKÉ HYG. POTŘEBY"
      ],
      "prices": [
        {
          "store_name": "Albert",
          "price": 86.9,
          "original_price": null,
          "unit_price": 8.69,
          "unit": "ks",
          "package_size": "‪10‬ kusů",
          "condition": null
        }
      ],
      "description": null
    },
    {
      "name": "World's Market Jasmínová rýže varné sáčky",
      "brand": "World's Market",
      "product_url": "https://wolt.com/cs/cze/prague/venue/albert-vinohradska/world-s-market-jasminova-ryze-varne-sacky-itemid-64ca0b7cba162577de489454",
      "image_url": "https://imageproxy.wolt.com/menu/menu-images/63ad795db242366d1f818f36/a6ff6540-5efa-11ef-a908-deefa0a23339_26820064.jpg",
      "categories": [
        "TRVANLIVÉ",
        "RÝŽE A VAŘENÍ"
      ],
      "prices": [
        {
          "store_name": "Albert",
          "price": 44.9,
          "original_price": null,
          "unit_price": 93.54,
          "unit": "Kg",
          "package_size": "480 g",
          "condition": null
        }
      ],
      "description": null
    },
    {
      "name": "World's Market Gnocchi",
      "brand": "World's Market",
      "product_url": "https://wolt.com/cs/cze/prague/venue/albert-vinohradska/world-s-market-gnocchi-itemid-64ca0b7cba162577de4883fb",
      "image_url": "https://imageproxy.wolt.com/menu/menu-images/63ad795db242366d1f818f36/641681e0-e818-11ee-bb40-96de309638ab_26973593.jpg",
      "categories": [
        "UZENINY A LAHŮDKY",
        "HOTOVKY A PŘÍLOHY"
      ],
      "prices": [
        {
          "store_name": "Albert",
          "price": 24.9,
          "original_price": null,
          "unit_price": 49.8,
          "unit": "Kg",
          "package_size": "500 g",
          "condition": null
        }
      ],
      "description": null
    },
    {
      "name": "Relax Exotica liči",
      "brand": "Relax",
      "product_url": "https://wolt.com/cs/cze/prague/venue/albert-vinohradska/relax-exotica-lici-itemid-64ca0b7cba162577de488391",
      "image_url": "https://imageproxy.wolt.com/menu/menu-images/64ffec4406cca0140dfab831/a995d196-8eb6-11ee-8e82-b6ff72c7a500_25800708.jpg",
      "categories": [
        "NÁPOJE",
        "DŽUSY A NEKTARY"
      ],
      "prices": [
        {
          "store_name": "Albert",
          "price": 29.9,
          "original_price": null,
          "unit_price": 29.9,
          "unit": "l",
          "package_size": "1 l",
          "condition": null
        }
      ],
      "description": null
    },
    {
      "name": "Albert Šlehačka ve spreji",
      "brand": "Albert",
      "product_url": "https://wolt.com/cs/cze/prague/venue/albert-vinohradska/albert-slehacka-ve-spreji-itemid-64ca0b7cba162577de488317",
      "image_url": "https://imageproxy.wolt.com/menu/menu-images/64ffec4406cca0140dfab831/c7788cfc-8eb2-11ee-b200-0208801a60c2_24883719.jpg",
      "categories": [
        "MLÉČNÉ A CHLAZENÉ",
        "SMETANY A ŠLEHAČKY"
      ],
      "prices": [
        {
          "store_name": "Albert",
          "price": 45.9,
          "original_price": null,
          "unit_price": 183.6,
          "unit": "Kg",
          "package_size": "250 g",
          "condition": null
        }
      ],
      "description": null
    },
    {
      "name": "Madeta Jihočeský tvaroh odtučněný",
      "brand": "Madeta",
      "product_url": "https://wolt.com/cs/cze/prague/venue/albert-vinohradska/madeta-jihocesky-tvaroh-odtucneny-itemid-64ca0b7cba162577de489234",
      "image_url": "https://imageproxy.wolt.com/menu/menu-images/63ad795db242366d1f818f36/bcedff34-7825-11f0-9be4-c292a28973b9_20294359.jpg",
      "categories": [
        "MLÉČNÉ A CHLAZENÉ",
        "TVAROHY"
      ],
      "prices": [
        {
          "store_name": "Albert",
          "price": null,
          "original_price": null,
          "unit_price": 71.6,
          "unit": "Kg",
          "package_size": "250 g",
          "condition": "Sleva, Vyprodáno"
        }
      ],
      "description": null
    },
    {
      "name": "Sheba Selection Šťavnatý výběr čtyři druhy masa",
      "brand": "Sheba",
      "product_url": "https://wolt.com/cs/cze/prague/venue/albert-vinohradska/sheba-selection-stavnaty-vyber-ctyri-druhy-masa-itemid-64ca0b7cba162577de489ef5",
      "image_url": "https://imageproxy.wolt.com/menu/menu-images/64ffec4406cca0140dfab831/fc244b3c-8eb5-11ee-987b-4ac825cfc539_25673234.jpg",
      "categories": [
        "ZVÍŘATA",
        "KOČKY"
      ],
      "prices": [
        {
          "store_name": "Albert",
          "price": 59.9,
          "original_price": null,
          "unit_price": 176.18,
          "unit": "Kg",
          "package_size": "340 g",
          "condition": null
        }
      ],
      "description": null
    },
    {
      "name": "Savo Univerzální čistič levandule",
      "brand": "Savo",
      "product_url": "https://wolt.com/cs/cze/prague/venue/albert-vinohradska/savo-univerzalni-cistic-levandule-itemid-64ca0b7cba162577de48a5bf",
      "image_url": "https://imageproxy.wolt.com/menu/menu-images/64ffec4406cca0140dfab831/633dccc0-8ec1-11ee-8dfa-56559ab64f60_27245552.jpg",
      "categories": [
        "DROGERIE A KOSMETIKA",
        "ČISTÍCÍ PROSTŘEDKY"
      ],
      "prices": [
        {
          "store_name": "Albert",
          "price": 79.9,
          "original_price": null,
          "unit_price": 114.14,
          "unit": "l",
          "package_size": "700 ml",
          "condition": null
        }
      ],
      "description": null
    },
    {
      "name": "Lactovit Lactourea regenerační sprchový gel",
      "brand": "Lactovit",
      "product_url": "https://wolt.com/cs/cze/prague/venue/albert-vinohradska/lactovit-lactourea-regeneracni-sprchovy-gel-itemid-64ca0b7cba162577de488ead",
      "image_url": "https://imageproxy.wolt.com/menu/menu-images/63ad795db242366d1f818f36/389c050a-26ff-11ef-8609-96313ea077d0_25639537.jpg",
      "categories": [
        "DROGERIE A KOSMETIKA",
        "MÝDLA A GELY"
      ],
      "prices": [
        {
          "store_name": "Albert",
          "price": 104.9,
          "original_price": null,
          "unit_price": 209.8,
          "unit": "l",
          "package_size": "500 ml",
          "condition": null
        }
      ],
      "description": null
    },
    {
      "name": "Nescafé Classic Crema instantní káva",
      "brand": "Nescafé",
      "product_url": "https://wolt.com/cs/cze/prague/venue/albert-vinohradska/nescafe-classic-crema-instantni-kava-itemid-64ca0b7cba162577de48848f",
      "image_url": "https://imageproxy.wolt.com/menu/menu-images/63ad795db242366d1f818f36/05de2afc-7a84-11ef-9c37-a217f7fbae30_25446937.jpg",
      "categories": [
        "NÁPOJE",
        "KÁVA A ČAJ"
      ],
      "prices": [
        {
          "store_name": "Albert",
          "price": 149.9,
          "original_price": null,
          "unit_price": 749.5,
          "unit": "Kg",
          "package_size": "200 g",
          "condition": null
        }
      ],
      "description": null
    },
    {
      "name": "Nature's Promise Kids Pšeničná krupička",
      "brand": "Nature's Promise",
      "product_url": "https://wolt.com/cs/cze/prague/venue/albert-vinohradska/nature-s-promise-kids-psenicna-krupicka-itemid-64ca0b7cba162577de48865d",
      "image_url": "https://imageproxy.wolt.com/menu/menu-images/63ad795db242366d1f818f36/95b2d0f6-aef6-11ee-a1ed-42aa4acd652f_24884310.jpg",
      "categories": [
        "TRVANLIVÉ",
        "PEČENÍ A VAŘENÍ"
      ],
      "prices": [
        {
          "store_name": "Albert",
          "price": null,
          "original_price": null,
          "unit_price": 31.8,
          "unit": "Kg",
          "package_size": "500 g",
          "condition": "Sleva"
        }
      ],
      "description": null
    },
    {
      "name": "Cirio Loupaná Rajčata oválná v rajčatové šťávě",
      "brand": "Cirio",
      "product_url": "https://wolt.com/cs/cze/prague/venue/albert-vinohradska/cirio-loupana-rajcata-ovalna-v-rajcatove-stave-itemid-657233256818b938df94853f",
      "image_url": "https://imageproxy.wolt.com/menu/menu-images/64ffec4406cca0140dfab831/fb271c66-8eb8-11ee-81b4-feea992db910_26347356.jpg",
      "categories": [
        "TRVANLIVÉ",
        "KONZERVOVANÉ POTR."
      ],
      "prices": [
        {
          "store_name": "Albert",
          "price": 42.9,
          "original_price": null,
          "unit_price": 171.6,
          "unit": "Kg",
          "package_size": "250 g",
          "condition": null
        }
      ],
      "description": null
    },
    {
      "name": "Taft Volume lak na vlasy",
      "brand": "Taft",
      "product_url": "https://wolt.com/cs/cze/prague/venue/albert-vinohradska/taft-volume-lak-na-vlasy-itemid-64ca0b7cba162577de489dd1",
      "image_url": "https://imageproxy.wolt.com/menu/menu-images/63ad795db242366d1f818f36/35ad952c-0b7d-11ef-afbb-1e1994c88023_22595072.jpg",
      "categories": [
        "DROGERIE A KOSMETIKA",
        "PÉČE O VLASY"
      ],
      "prices": [
        {
          "store_name": "Albert",
          "price": 119.9,
          "original_price": null,
          "unit_price": 479.6,
          "unit": "l",
          "package_size": "250 ml",
          "condition": null
        }
      ],
      "description": null
    },
    {
      "name": "Carte d'Or Chocolate",
      "brand": "Carte",
      "product_url": "https://wolt.com/cs/cze/prague/venue/albert-vinohradska/carte-d-or-chocolate-itemid-6876153a0c6218e9f3e5f419",
      "image_url": "https://imageproxy.wolt.com/menu/menu-images/64b62ec5e5ab70cdc92e30f0/b5f98574-782d-11f0-8bf0-964402471bda_24590518.jpg",
      "categories": [
        "MRAŽENÉ POTRAVINY",
        "ZMRZLINA A NANUKY"
      ],
      "prices": [
        {
          "store_name": "Albert",
          "price": 99.9,
          "original_price": null,
          "unit_price": 99.9,
          "unit": "l",
          "package_size": "1 l",
          "condition": "Vyprodáno"
        }
      ],
      "description": null
    },
    {
      "name": "Schär Muffin Choco bez lepku",
      "brand": "Schär",
      "product_url": "https://wolt.com/cs/cze/prague/venue/albert-vinohradska/schar-muffin-choco-bez-lepku-itemid-6601f6f89d152df703bfcc8c",
      "image_url": "https://imageproxy.wolt.com/menu/menu-images/6601c613e48d1c8d95333085/80a9f3b8-eae4-11ee-a26b-c27cc33af372_27601921.jpg",
      "categories": [
        "PEKÁRNA A CUKRÁRNA",
        "BEZLEPKOVÉ PEČIVO"
      ],
      "prices": [
        {
          "store_name": "Albert",
          "price": null,
          "original_price": null,
          "unit_price": 444.62,
          "unit": "Kg",
          "package_size": "65 g",
          "condition": "Sleva"
        }
      ],
      "description": null
    },
    {
      "name": "Madeta Jihočeský Tvaroh&jogurt jahoda",
      "brand": "Madeta",
      "product_url": "https://wolt.com/cs/cze/prague/venue/albert-vinohradska/madeta-jihocesky-tvaroh-jogurt-jahoda-itemid-64ca0b7cba162577de489549",
      "image_url": "https://imageproxy.wolt.com/menu/menu-images/64ffec4406cca0140dfab831/e2e79834-8eb2-11ee-a4a8-be8c16d2d45a_24902205.jpg",
      "categories": [
        "MLÉČNÉ A CHLAZENÉ",
        "JOGURTY A DEZERTY"
      ],
      "prices": [
        {
          "store_name": "Albert",
          "price": 19.9,
          "original_price": null,
          "unit_price": 147.41,
          "unit": "Kg",
          "package_size": "135 g",
          "condition": null
        }
      ],
      "description": null
    },
    {
      "name": "Kukuřičné lupínky rajčatové bez lepku",
      "brand": "Kukuřičné",
      "product_url": "https://wolt.com/cs/cze/prague/venue/albert-vinohradska/kukuricne-lupinky-rajcatove-bez-lepku-itemid-64ca0b7cba162577de489cfa",
      "image_url": "https://imageproxy.wolt.com/menu/menu-images/64ffec4406cca0140dfab831/2d4ded96-8eb4-11ee-8835-662d260bbeaa_25255836.jpg",
      "categories": [
        "TRVANLIVÉ",
        "SPECIÁLNÍ"
      ],
      "prices": [
        {
          "store_name": "Albert",
          "price": null,
          "original_price": null,
          "unit_price": 383.08,
          "unit": "Kg",
          "package_size": "65 g",
          "condition": "Sleva"
        }
      ],
      "description": null
    },
    {
      "name": "Braník 11 světlý ležák",
      "brand": "Braník",
      "product_url": "https://wolt.com/cs/cze/prague/venue/albert-vinohradska/branik-11-svetly-lezak-itemid-64ca0b7cba162577de48956f",
      "image_url": "https://imageproxy.wolt.com/menu/menu-images/64ffec4406cca0140dfab831/75534284-92e3-11ee-b2f0-924d13f2393e_25882681.jpg",
      "categories": [
        "NÁPOJE",
        "PIVA"
      ],
      "prices": [
        {
          "store_name": "Albert",
          "price": 44.9,
          "original_price": null,
          "unit_price": 22.45,
          "unit": "l",
          "package_size": "2 l, 5% alc",
          "condition": "18+"
        }
      ],
      "description": null
    },
    {
      "name": "Herbarium Moravicum Veltlínské zelené",
      "brand": "Herbarium",
      "product_url": "https://wolt.com/cs/cze/prague/venue/albert-vinohradska/herbarium-moravicum-veltlinske-zelene-itemid-657233256818b938df947dd5",
      "image_url": "https://imageproxy.wolt.com/menu/menu-images/64ffec4406cca0140dfab831/917a75b8-8eb0-11ee-a48a-e2efa80c37b6_23880733.jpg",
      "categories": [
        "NÁPOJE",
        "VÍNA"
      ],
      "prices": [
        {
          "store_name": "Albert",
          "price": 179.0,
          "original_price": null,
          "unit_price": 238.67,
          "unit": "l",
          "package_size": "750 ml, 13% alc",
          "condition": "18+"
        }
      ],
      "description": null
    },
    {
      "name": "Lipton Yellow Label Černý čaj",
      "brand": "Lipton",
      "product_url": "https://wolt.com/cs/cze/prague/venue/albert-vinohradska/lipton-yellow-label-cerny-caj-itemid-657233256818b938df947e9d",
      "image_url": "https://imageproxy.wolt.com/menu/menu-images/64ffec4406cca0140dfab831/b8d7bb92-8eac-11ee-b198-ee002dc5ca71_20320317.jpg",
      "categories": [
        "NÁPOJE",
        "KÁVA A ČAJ"
      ],
      "prices": [
        {
          "store_name": "Albert",
          "price": 96.9,
          "original_price": null,
          "unit_price": 969.0,
          "unit": "Kg",
          "package_size": "100 g",
          "condition": null
        }
      ],
      "description": null
    },
    {
      "name": "Brit Premium by Nature Sensitive s jehněčím",
      "brand": "Brit",
      "product_url": "https://wolt.com/cs/cze/prague/venue/albert-vinohradska/brit-premium-by-nature-sensitive-s-jehnecim-itemid-660205f31c4ae5b2179064df",
      "image_url": "https://imageproxy.wolt.com/menu/menu-images/6601c613e48d1c8d95333085/19003370-eae5-11ee-8262-7af12948c363_27780077.jpg",
      "categories": [
        "ZVÍŘATA",
        "PSI"
      ],
      "prices": [
        {
          "store_name": "Albert",
          "price": 379.0,
          "original_price": null,
          "unit_price": 126.33,
          "unit": "Kg",
          "package_size": "3 kg",
          "condition": "Vyprodáno"
        }
      ],
      "description": null
    },
    {
      "name": "Vitana Steaková omáčka chilli a česnek",
      "brand": "Vitana",
      "product_url": "https://wolt.com/cs/cze/prague/venue/albert-vinohradska/vitana-steakova-omacka-chilli-a-cesnek-itemid-64ca0b7cba162577de489f48",
      "image_url": "https://imageproxy.wolt.com/menu/menu-images/63ad795db242366d1f818f36/2c12e20c-4e4d-11ef-814e-d63c5ba7ae22_23885066.jpg",
      "categories": [
        "TRVANLIVÉ",
        "KEČUPY A HOŘČICE"
      ],
      "prices": [
        {
          "store_name": "Albert",
          "price": 79.9,
          "original_price": null,
          "unit_price": 319.6,
          "unit": "l",
          "package_size": "250 ml",
          "condition": null
        }
      ],
      "description": null
    },
    {
      "name": "World‘s Market Tortilla chips natural",
      "brand": "World‘s Market",
      "product_url": "https://wolt.com/cs/cze/prague/venue/albert-vinohradska/world-s-market-tortilla-chips-natural-itemid-64ca0b7cba162577de48863f",
      "image_url": "https://imageproxy.wolt.com/menu/menu-images/63ad795db242366d1f818f36/21093d06-d671-11ee-b850-d2e642cd22b9_24980999.jpg",
      "categories": [
        "TRVANLIVÉ",
        "SLANÉ"
      ],
      "prices": [
        {
          "store_name": "Albert",
          "price": 39.9,
          "original_price": null,
          "unit_price": 266.0,
          "unit": "Kg",
          "package_size": "150 g",
          "condition": null
        }
      ],
      "description": null
    },
    {
      "name": "DZ Klatovy Uzená stehna vakuovaná",
      "brand": "DZ",
      "product_url": "https://wolt.com/cs/cze/prague/venue/albert-vinohradska/dz-klatovy-uzena-stehna-vakuovana-itemid-64ca0b7cba162577de48943c",
      "image_url": "https://imageproxy.wolt.com/menu/menu-images/64ffec4406cca0140dfab831/b5054eb4-8ebe-11ee-bea9-362baa77ef89_27048313.jpg",
      "categories": [
        "MASO A RYBY",
        "DRŮBEŽ"
      ],
      "prices": [
        {
          "store_name": "Albert",
          "price": 69.9,
          "original_price": null,
          "unit_price": 166.43,
          "unit": "Kg",
          "package_size": "420 g",
          "condition": null
        }
      ],
      "description": null
    },
    {
      "name": "Nature's Promise Šťáva borůvka, zázvor, máta",
      "brand": "Nature's Promise",
      "product_url": "https://wolt.com/cs/cze/prague/venue/albert-vinohradska/nature-s-promise-stava-boruvka-zazvor-mata-itemid-64ca0b7cba162577de489aa2",
      "image_url": "https://imageproxy.wolt.com/menu/menu-images/63ad795db242366d1f818f36/18f37100-ed44-11ef-a3e2-7a1bb9aa2033_27017388.jpg",
      "categories": [
        "NÁPOJE",
        "DŽUSY A NEKTARY"
      ],
      "prices": [
        {
          "store_name": "Albert",
          "price": 34.9,
          "original_price": null,
          "unit_price": 139.6,
          "unit": "l",
          "package_size": "250 ml",
          "condition": null
        }
      ],
      "description": null
    },
    {
      "name": "Panzani Torti Tricolore",
      "brand": "Panzani",
      "product_url": "https://wolt.com/cs/cze/prague/venue/albert-vinohradska/panzani-torti-tricolore-itemid-64ca0b7cba162577de489474",
      "image_url": "https://imageproxy.wolt.com/menu/menu-images/64ffec4406cca0140dfab831/2df870c8-8eae-11ee-b4d7-0ad9bf6baf5b_22002525.jpg",
      "categories": [
        "TRVANLIVÉ",
        "TĚSTOVINY A KUSKUS"
      ],
      "prices": [
        {
          "store_name": "Albert",
          "price": 64.9,
          "original_price": null,
          "unit_price": 129.8,
          "unit": "Kg",
          "package_size": "500 g",
          "condition": null
        }
      ],
      "description": null
    },
    {
      "name": "Albert Excellent Sous Vide vepřové trhané",
      "brand": "Albert Excellent",
      "product_url": "https://wolt.com/cs/cze/prague/venue/albert-vinohradska/albert-excellent-sous-vide-veprove-trhane-itemid-64ca0b7cba162577de488873",
      "image_url": "https://imageproxy.wolt.com/menu/menu-images/63ad795db242366d1f818f36/80a39388-998b-11ee-a1a4-b22abb3fbbc2_26958910.jpg",
      "categories": [
        "MASO A RYBY",
        "VEPŘOVÉ"
      ],
      "prices": [
        {
          "store_name": "Albert",
          "price": 139.9,
          "original_price": null,
          "unit_price": 254.36,
          "unit": "Kg",
          "package_size": "550 g",
          "condition": null
        }
      ],
      "description": null
    },
    {
      "name": "La Vida Bio pomazánka čokoládová s mandlemi",
      "brand": "La Vida Bio",
      "product_url": "https://wolt.com/cs/cze/prague/venue/albert-vinohradska/la-vida-bio-pomazanka-cokoladova-s-mandlemi-itemid-657233256818b938df947d06",
      "image_url": "https://imageproxy.wolt.com/menu/menu-images/64ffec4406cca0140dfab831/537d63ae-8ec1-11ee-bba5-1280c05750b0_27240731.jpg",
      "categories": [
        "TRVANLIVÉ",
        "MEDY A SL. POMAZÁNKY"
      ],
      "prices": [
        {
          "store_name": "Albert",
          "price": 160.0,
          "original_price": null,
          "unit_price": 592.59,
          "unit": "Kg",
          "package_size": "270 g",
          "condition": null
        }
      ],
      "description": null
    },
    {
      "name": "Pletenec s pekanovými ořechy",
      "brand": "Pletenec",
      "product_url": "https://wolt.com/cs/cze/prague/venue/albert-vinohradska/pletenec-s-pekanovymi-orechy-itemid-64ca0b7cba162577de488665",
      "image_url": "https://imageproxy.wolt.com/menu/menu-images/64ffec4406cca0140dfab831/8f35aaea-8eb8-11ee-95f2-96ff514b0205_26151786.jpg",
      "categories": [
        "PEKÁRNA A CUKRÁRNA",
        "SLADKÉ PEČIVO VOLNÉ"
      ],
      "prices": [
        {
          "store_name": "Albert",
          "price": 13.9,
          "original_price": null,
          "unit_price": 178.21,
          "unit": "Kg",
          "package_size": "78 g",
          "condition": "Vyprodáno"
        }
      ],
      "description": null
    },
    {
      "name": "Opávia Trojhránky s čokoládovou příchutí",
      "brand": "Opávia",
      "product_url": "https://wolt.com/cs/cze/prague/venue/albert-vinohradska/opavia-trojhranky-s-cokoladovou-prichuti-itemid-64ca0b7cba162577de4895fa",
      "image_url": "https://imageproxy.wolt.com/menu/menu-images/64ffec4406cca0140dfab831/484be0d6-8eb3-11ee-9376-36180384687e_24996501.jpg",
      "categories": [
        "TRVANLIVÉ",
        "SLADKOSTI"
      ],
      "prices": [
        {
          "store_name": "Albert",
          "price": null,
          "original_price": null,
          "unit_price": 398.0,
          "unit": "Kg",
          "package_size": "50 g",
          "condition": "Sleva"
        }
      ],
      "description": null
    },
    {
      "name": "Albert Zakysaná smetana 30%",
      "brand": "Albert",
      "product_url": "https://wolt.com/cs/cze/prague/venue/albert-vinohradska/albert-zakysana-smetana-30-itemid-64ca0b7cba162577de4890d0",
      "image_url": "https://imageproxy.wolt.com/menu/menu-images/64ffec4406cca0140dfab831/8cab9ad0-8ec4-11ee-8c07-5e8c96b8dcdd_27478837.jpg",
      "categories": [
        "MLÉČNÉ A CHLAZENÉ",
        "SMETANY A ŠLEHAČKY"
      ],
      "prices": [
        {
          "store_name": "Albert",
          "price": 33.9,
          "original_price": null,
          "unit_price": 169.5,
          "unit": "Kg",
          "package_size": "200 g",
          "condition": null
        }
      ],
      "description": null
    },
    {
      "name": "Podravka Přísada do jídel",
      "brand": "Podravka",
      "product_url": "https://wolt.com/cs/cze/prague/venue/albert-vinohradska/podravka-prisada-do-jidel-itemid-681b5abffcbd67bf7a8f49e3",
      "image_url": "https://imageproxy.wolt.com/menu/menu-images/63ad795db242366d1f818f36/07003e64-2b48-11f0-92c8-06428b1fb390_27983843.jpg",
      "categories": [
        "TRVANLIVÉ",
        "KOŘENÍ A OCHUCOVADLA"
      ],
      "prices": [
        {
          "store_name": "Albert",
          "price": 49.9,
          "original_price": null,
          "unit_price": 249.5,
          "unit": "Kg",
          "package_size": "200 g",
          "condition": null
        }
      ],
      "description": null
    },
    {
      "name": "Nivea Men Pure Impact sprchový gel",
      "brand": "Nivea",
      "product_url": "https://wolt.com/cs/cze/prague/venue/albert-vinohradska/nivea-men-pure-impact-sprchovy-gel-itemid-64ca0b7cba162577de488f95",
      "image_url": "https://imageproxy.wolt.com/menu/menu-images/63ad795db242366d1f818f36/ce5874b2-f8ef-11ef-9781-c6e3f3a2e34e_25463729.jpg",
      "categories": [
        "DROGERIE A KOSMETIKA",
        "MÝDLA A GELY"
      ],
      "prices": [
        {
          "store_name": "Albert",
          "price": 74.9,
          "original_price": null,
          "unit_price": 299.6,
          "unit": "l",
          "package_size": "250 ml",
          "condition": null
        }
      ],
      "description": null
    },
    {
      "name": "Albert Skořicový cukr",
      "brand": "Albert",
      "product_url": "https://wolt.com/cs/cze/prague/venue/albert-vinohradska/albert-skoricovy-cukr-itemid-6601e34047f76d107bfe5afc",
      "image_url": "https://imageproxy.wolt.com/menu/menu-images/6601c613e48d1c8d95333085/da961bb4-eae3-11ee-b8cf-f23fc03215da_27258040.jpg",
      "categories": [
        "TRVANLIVÉ",
        "PEČENÍ A VAŘENÍ"
      ],
      "prices": [
        {
          "store_name": "Albert",
          "price": 3.9,
          "original_price": null,
          "unit_price": 195.0,
          "unit": "Kg",
          "package_size": "20 g",
          "condition": null
        }
      ],
      "description": null
    },
    {
      "name": "Albert Lísková jádra natural",
      "brand": "Albert",
      "product_url": "https://wolt.com/cs/cze/prague/venue/albert-vinohradska/albert-liskova-jadra-natural-itemid-64ca0b7cba162577de488b75",
      "image_url": "https://imageproxy.wolt.com/menu/menu-images/6745ec28c3b7723db3588430/0e9d932e-da6b-11f0-a061-0679df55b304_24256698.jpg",
      "categories": [
        "OVOCE A ZELENINA",
        "SUCHÉ PLODY"
      ],
      "prices": [
        {
          "store_name": "Albert",
          "price": 49.9,
          "original_price": null,
          "unit_price": 499.0,
          "unit": "Kg",
          "package_size": "100 g",
          "condition": null
        }
      ],
      "description": null
    },
    {
      "name": "Perla Espresso instantní káva",
      "brand": "Perla",
      "product_url": "https://wolt.com/cs/cze/prague/venue/albert-vinohradska/perla-espresso-instantni-kava-itemid-64ca0b7cba162577de4896e5",
      "image_url": "https://imageproxy.wolt.com/menu/menu-images/64ffec4406cca0140dfab831/d44cbd3a-8ec2-11ee-82ba-bed13653e197_27329535.jpg",
      "categories": [
        "NÁPOJE",
        "KÁVA A ČAJ"
      ],
      "prices": [
        {
          "store_name": "Albert",
          "price": 129.9,
          "original_price": null,
          "unit_price": 649.5,
          "unit": "Kg",
          "package_size": "200 g",
          "condition": null
        }
      ],
      "description": null
    },
    {
      "name": "Bref Color Aktiv Flower tuhý WC blok",
      "brand": "Bref",
      "product_url": "https://wolt.com/cs/cze/prague/venue/albert-vinohradska/bref-color-aktiv-flower-tuhy-wc-blok-itemid-64ca0b7cba162577de488d4f",
      "image_url": "https://imageproxy.wolt.com/menu/menu-images/64ffec4406cca0140dfab831/318a88fa-8eba-11ee-8122-fe2992cf6bd0_26585260.jpg",
      "categories": [
        "DROGERIE A KOSMETIKA",
        "ČISTÍCÍ PROSTŘEDKY"
      ],
      "prices": [
        {
          "store_name": "Albert",
          "price": null,
          "original_price": null,
          "unit_price": 466.0,
          "unit": "Kg",
          "package_size": "150 g",
          "condition": "Sleva"
        }
      ],
      "description": null
    },
    {
      "name": "Alpa Francovka s konopím",
      "brand": "Alpa",
      "product_url": "https://wolt.com/cs/cze/prague/venue/albert-vinohradska/alpa-francovka-s-konopim-itemid-64ca0b7cba162577de48a246",
      "image_url": "https://imageproxy.wolt.com/menu/menu-images/64ffec4406cca0140dfab831/40244b12-8eba-11ee-b7e5-02d10f7fce64_26595108.jpg",
      "categories": [
        "DROGERIE A KOSMETIKA",
        "PÉČE O PLEŤ"
      ],
      "prices": [
        {
          "store_name": "Albert",
          "price": 46.9,
          "original_price": null,
          "unit_price": 781.67,
          "unit": "l",
          "package_size": "60 ml",
          "condition": null
        }
      ],
      "description": null
    },
    {
      "name": "Albert Gurmánské brambory",
      "brand": "Albert",
      "product_url": "https://wolt.com/cs/cze/prague/venue/albert-vinohradska/albert-gurmanske-brambory-itemid-64ca0b7cba162577de488739",
      "image_url": "https://imageproxy.wolt.com/menu/menu-images/64ffec4406cca0140dfab831/ee73e1ea-8eac-11ee-8e7d-3e53a922e9b0_20441975.jpg",
      "categories": [
        "OVOCE A ZELENINA",
        "ZELENINA"
      ],
      "prices": [
        {
          "store_name": "Albert",
          "price": 49.9,
          "original_price": null,
          "unit_price": 76.77,
          "unit": "Kg",
          "package_size": "650 g",
          "condition": null
        }
      ],
      "description": null
    },
    {
      "name": "Cafiss. crema rich aroma  10ks",
      "brand": "Cafiss",
      "product_url": "https://wolt.com/cs/cze/prague/venue/albert-vinohradska/cafiss-crema-rich-aroma-10ks-itemid-64ca0b7cba162577de489a3f",
      "image_url": "https://imageproxy.wolt.com/menu/menu-images/63ad795db242366d1f818f36/0f087966-7826-11f0-83ca-225a2221eb95_25048339.jpg",
      "categories": [
        "NÁPOJE",
        "KÁVA A ČAJ"
      ],
      "prices": [
        {
          "store_name": "Albert",
          "price": 129.9,
          "original_price": null,
          "unit_price": 12.99,
          "unit": "ks",
          "package_size": "‪10‬ kusů",
          "condition": null
        }
      ],
      "description": null
    },
    {
      "name": "Old Spice Wolfthorn sprchový gel pro muže",
      "brand": "Old",
      "product_url": "https://wolt.com/cs/cze/prague/venue/albert-vinohradska/old-spice-wolfthorn-sprchovy-gel-pro-muze-itemid-657233256818b938df94806a",
      "image_url": "https://imageproxy.wolt.com/menu/menu-images/63ad795db242366d1f818f36/8935e04e-10f7-11ef-8fd0-e2a10c20d6ac_26549309.jpg",
      "categories": [
        "DROGERIE A KOSMETIKA",
        "MÝDLA A GELY"
      ],
      "prices": [
        {
          "store_name": "Albert",
          "price": 109.9,
          "original_price": null,
          "unit_price": 274.75,
          "unit": "l",
          "package_size": "400 ml",
          "condition": null
        }
      ],
      "description": null
    },
    {
      "name": "Bambino Originál",
      "brand": "Bambino",
      "product_url": "https://wolt.com/cs/cze/prague/venue/albert-vinohradska/bambino-original-itemid-64ca0b7cba162577de48992e",
      "image_url": "https://imageproxy.wolt.com/menu/menu-images/64ffec4406cca0140dfab831/7c67973a-8ec1-11ee-aa82-1601976705be_27249802.jpg",
      "categories": [
        "MLÉČNÉ A CHLAZENÉ",
        "SÝRY"
      ],
      "prices": [
        {
          "store_name": "Albert",
          "price": 36.9,
          "original_price": null,
          "unit_price": 369.0,
          "unit": "Kg",
          "package_size": "100 g",
          "condition": null
        }
      ],
      "description": null
    },
    {
      "name": "Pickwick Zelený čaj s mangem a jasmínem",
      "brand": "Pickwick",
      "product_url": "https://wolt.com/cs/cze/prague/venue/albert-vinohradska/pickwick-zeleny-caj-s-mangem-a-jasminem-itemid-64ca0b7cba162577de4894a5",
      "image_url": "https://imageproxy.wolt.com/menu/menu-images/63ad795db242366d1f818f36/da9e40e2-ed43-11ef-9a82-0e881b6e3ccd_25143669.jpg",
      "categories": [
        "NÁPOJE",
        "KÁVA A ČAJ"
      ],
      "prices": [
        {
          "store_name": "Albert",
          "price": 32.9,
          "original_price": null,
          "unit_price": 1096.67,
          "unit": "Kg",
          "package_size": "30 g",
          "condition": null
        }
      ],
      "description": null
    },
    {
      "name": "Gustona Kolínka",
      "brand": "Gustona",
      "product_url": "https://wolt.com/cs/cze/prague/venue/albert-vinohradska/gustona-kolinka-itemid-64ca0b7cba162577de4885f7",
      "image_url": "https://imageproxy.wolt.com/menu/menu-images/63ad795db242366d1f818f36/10de723c-25b4-11f0-90a5-4e2e44cc0bcb_23320789.jpg",
      "categories": [
        "TRVANLIVÉ",
        "TĚSTOVINY A KUSKUS"
      ],
      "prices": [
        {
          "store_name": "Albert",
          "price": 12.9,
          "original_price": null,
          "unit_price": 32.25,
          "unit": "Kg",
          "package_size": "400 g",
          "condition": null
        }
      ],
      "description": null
    },
    {
      "name": "Carte d'Or Strawberry",
      "brand": "Carte",
      "product_url": "https://wolt.com/cs/cze/prague/venue/albert-vinohradska/carte-d-or-strawberry-itemid-6876153a0c6218e9f3e5f442",
      "image_url": "https://imageproxy.wolt.com/menu/menu-images/64b62ec5e5ab70cdc92e30f0/05270732-616f-11f0-b8a3-26640337959e_27072417.jpg",
      "categories": [
        "MRAŽENÉ POTRAVINY",
        "ZMRZLINA A NANUKY"
      ],
      "prices": [
        {
          "store_name": "Albert",
          "price": 99.9,
          "original_price": null,
          "unit_price": 99.9,
          "unit": "l",
          "package_size": "1 l",
          "condition": null
        }
      ],
      "description": null
    },
    {
      "name": "Mitia for men Sprchový gel black jade",
      "brand": "Mitia",
      "product_url": "https://wolt.com/cs/cze/prague/venue/albert-vinohradska/mitia-for-men-sprchovy-gel-black-jade-itemid-6601edaf825d7f3547cc8fa0",
      "image_url": "https://imageproxy.wolt.com/menu/menu-images/6601c613e48d1c8d95333085/8a8ee58e-eae2-11ee-9d25-26602bd55ff2_24854733.jpg",
      "categories": [
        "DROGERIE A KOSMETIKA",
        "MÝDLA A GELY"
      ],
      "prices": [
        {
          "store_name": "Albert",
          "price": 59.9,
          "original_price": null,
          "unit_price": 149.75,
          "unit": "l",
          "package_size": "400 ml",
          "condition": null
        }
      ],
      "description": null
    },
    {
      "name": "Riscossa Tagliatelle těstoviny sušené",
      "brand": "Riscossa",
      "product_url": "https://wolt.com/cs/cze/prague/venue/albert-vinohradska/riscossa-tagliatelle-testoviny-susene-itemid-64ca0b7cba162577de489f33",
      "image_url": "https://imageproxy.wolt.com/menu/menu-images/64ffec4406cca0140dfab831/a48f3d74-8eaf-11ee-8ea3-424f0985e4ef_23429666.jpg",
      "categories": [
        "TRVANLIVÉ",
        "TĚSTOVINY A KUSKUS"
      ],
      "prices": [
        {
          "store_name": "Albert",
          "price": 65.9,
          "original_price": null,
          "unit_price": 131.8,
          "unit": "Kg",
          "package_size": "500 g",
          "condition": null
        }
      ],
      "description": null
    },
    {
      "name": "Lotus Biscoff Pomazánka ze sušenek crunchy",
      "brand": "Lotus",
      "product_url": "https://wolt.com/cs/cze/prague/venue/albert-vinohradska/lotus-biscoff-pomazanka-ze-susenek-crunchy-itemid-64ca0b7cba162577de489a03",
      "image_url": "https://imageproxy.wolt.com/menu/menu-images/6745ec28c3b7723db3588430/0bc8268e-d4fb-11f0-a6ff-4a4ce0a1bdb6_25691870.jpg",
      "categories": [
        "TRVANLIVÉ",
        "MEDY A SL. POMAZÁNKY"
      ],
      "prices": [
        {
          "store_name": "Albert",
          "price": 99.9,
          "original_price": null,
          "unit_price": 262.89,
          "unit": "Kg",
          "package_size": "380 g",
          "condition": null
        }
      ],
      "description": null
    },
    {
      "name": "Nivea Men Fresh Active Deodorant sprej",
      "brand": "Nivea",
      "product_url": "https://wolt.com/cs/cze/prague/venue/albert-vinohradska/nivea-men-fresh-active-deodorant-sprej-itemid-64ca0b7cba162577de489dcc",
      "image_url": "https://imageproxy.wolt.com/menu/menu-images/64ffec4406cca0140dfab831/8962624a-8eac-11ee-9d93-3a6355b6d69b_20312558.jpg",
      "categories": [
        "DROGERIE A KOSMETIKA",
        "DEODORANTY"
      ],
      "prices": [
        {
          "store_name": "Albert",
          "price": 89.9,
          "original_price": null,
          "unit_price": 599.33,
          "unit": "l",
          "package_size": "150 ml",
          "condition": null
        }
      ],
      "description": null
    },
    {
      "name": "Lotus Biscoff pomazánka crunchy",
      "brand": "Lotus",
      "product_url": "https://wolt.com/cs/cze/prague/venue/albert-vinohradska/lotus-biscoff-pomazanka-crunchy-itemid-657233256818b938df94835c",
      "image_url": "https://imageproxy.wolt.com/menu/menu-images/6745ec28c3b7723db3588430/1252cd2e-d4fb-11f0-b180-a20e3e52ddab_27749371.jpg",
      "categories": [
        "TRVANLIVÉ",
        "MEDY A SL. POMAZÁNKY"
      ],
      "prices": [
        {
          "store_name": "Albert",
          "price": 175.0,
          "original_price": null,
          "unit_price": 250.0,
          "unit": "Kg",
          "package_size": "700 g",
          "condition": null
        }
      ],
      "description": null
    },
    {
      "name": "Knorr Bramborová kaše s mlékem",
      "brand": "Knorr",
      "product_url": "https://wolt.com/cs/cze/prague/venue/albert-vinohradska/knorr-bramborova-kase-s-mlekem-itemid-6601eba9388d0cc26f7d3ab7",
      "image_url": "https://imageproxy.wolt.com/menu/menu-images/6601c613e48d1c8d95333085/4c44efb2-eae2-11ee-8be5-aae3aea8b537_23035065.jpg",
      "categories": [
        "TRVANLIVÉ",
        "PEČENÍ A VAŘENÍ"
      ],
      "prices": [
        {
          "store_name": "Albert",
          "price": 49.9,
          "original_price": null,
          "unit_price": 530.85,
          "unit": "Kg",
          "package_size": "94 g",
          "condition": null
        }
      ],
      "description": null
    },
    {
      "name": "Caffè Gondoliere Tradition mletá káva",
      "brand": "Caffè",
      "product_url": "https://wolt.com/cs/cze/prague/venue/albert-vinohradska/caffe-gondoliere-tradition-mleta-kava-itemid-64ca0b7cba162577de489adb",
      "image_url": "https://imageproxy.wolt.com/menu/menu-images/64ffec4406cca0140dfab831/ad4deeee-8ec1-11ee-903e-eeaf6a6837cc_27257913.jpg",
      "categories": [
        "NÁPOJE",
        "KÁVA A ČAJ"
      ],
      "prices": [
        {
          "store_name": "Albert",
          "price": 49.9,
          "original_price": null,
          "unit_price": 332.67,
          "unit": "Kg",
          "package_size": "150 g",
          "condition": null
        }
      ],
      "description": null
    },
    {
      "name": "Opavia Tatranky čokoládové",
      "brand": "Opavia",
      "product_url": "https://wolt.com/cs/cze/prague/venue/albert-vinohradska/opavia-tatranky-cokoladove-itemid-64ca0b7cba162577de488109",
      "image_url": "https://imageproxy.wolt.com/menu/menu-images/63ad795db242366d1f818f36/a6edc47c-f8ef-11ef-9346-4a727756202a_20300043.jpg",
      "categories": [
        "TRVANLIVÉ",
        "SLADKOSTI"
      ],
      "prices": [
        {
          "store_name": "Albert",
          "price": null,
          "original_price": null,
          "unit_price": 274.47,
          "unit": "Kg",
          "package_size": "47 g",
          "condition": "Sleva"
        }
      ],
      "description": null
    },
    {
      "name": "Le Coq Blue Lagoon Koktejl 4,7%",
      "brand": "Le Coq",
      "product_url": "https://wolt.com/cs/cze/prague/venue/albert-vinohradska/le-coq-blue-lagoon-koktejl-4-7-itemid-64ca0b7cba162577de48a5ad",
      "image_url": "https://imageproxy.wolt.com/menu/menu-images/64ffec4406cca0140dfab831/dd77824c-8ec1-11ee-9b86-52a1105d3d68_27265451.jpg",
      "categories": [
        "NÁPOJE",
        "LIHOVINY"
      ],
      "prices": [
        {
          "store_name": "Albert",
          "price": 44.9,
          "original_price": null,
          "unit_price": 136.06,
          "unit": "l",
          "package_size": "330 ml, 4,7% alc",
          "condition": "18+"
        }
      ],
      "description": null
    },
    {
      "name": "L&M Blue Label KS RCB",
      "brand": "L&M",
      "product_url": "https://wolt.com/cs/cze/prague/venue/albert-vinohradska/l-m-blue-label-ks-rcb-itemid-64ca0b7cba162577de488885",
      "image_url": "https://imageproxy.wolt.com/menu/menu-images/64ffec4406cca0140dfab831/7fd678f6-8eac-11ee-9001-9a472ccb949a_20309657.jpg",
      "categories": [
        "DOMÁCNOST A ZAHRADA",
        "CIGARETY"
      ],
      "prices": [
        {
          "store_name": "Albert",
          "price": 163.0,
          "original_price": null,
          "unit_price": 163.0,
          "unit": "ks",
          "package_size": "‪1‬ kus",
          "condition": "18+"
        }
      ],
      "description": null
    },
    {
      "name": "Zewa Deluxe Camomile Comfort toaletní papír",
      "brand": "Zewa",
      "product_url": "https://wolt.com/cs/cze/prague/venue/albert-vinohradska/zewa-deluxe-camomile-comfort-toaletni-papir-itemid-64ca0b7cba162577de4891d6",
      "image_url": "https://imageproxy.wolt.com/menu/menu-images/64ffec4406cca0140dfab831/bbb4c5c2-8eb0-11ee-ac38-e6fbf8d3c3b0_23968394.jpg",
      "categories": [
        "DROGERIE A KOSMETIKA",
        "PAPÍROVÁ HYGIENA"
      ],
      "prices": [
        {
          "store_name": "Albert",
          "price": 119.9,
          "original_price": null,
          "unit_price": 0.77,
          "unit": "ks",
          "package_size": "‪155‬ kusů",
          "condition": null
        }
      ],
      "description": null
    },
    {
      "name": "Artemis Směsný olej",
      "brand": "Artemis",
      "product_url": "https://wolt.com/cs/cze/prague/venue/albert-vinohradska/artemis-smesny-olej-itemid-64ca0b7cba162577de489b17",
      "image_url": "https://imageproxy.wolt.com/menu/menu-images/64ffec4406cca0140dfab831/56174f24-8eaf-11ee-9edf-424f0985e4ef_23262225.jpg",
      "categories": [
        "TRVANLIVÉ",
        "OLEJE A OCTY"
      ],
      "prices": [
        {
          "store_name": "Albert",
          "price": 189.0,
          "original_price": null,
          "unit_price": 189.0,
          "unit": "l",
          "package_size": "1 l",
          "condition": null
        }
      ],
      "description": null
    },
    {
      "name": "Vinselekt Michlovský Pálava",
      "brand": "Vinselekt",
      "product_url": "https://wolt.com/cs/cze/prague/venue/albert-vinohradska/vinselekt-michlovsky-palava-itemid-64ca0b7cba162577de489943",
      "image_url": "https://imageproxy.wolt.com/menu/menu-images/64ffec4406cca0140dfab831/0e5086d2-8eba-11ee-b967-1627932f216d_26560670.jpg",
      "categories": [
        "NÁPOJE",
        "VÍNA"
      ],
      "prices": [
        {
          "store_name": "Albert",
          "price": 169.0,
          "original_price": null,
          "unit_price": 225.33,
          "unit": "l",
          "package_size": "750 ml, 12,5% alc",
          "condition": "18+"
        }
      ],
      "description": null
    },
    {
      "name": "Nature's Promise Bio Špaldový nápoj",
      "brand": "Nature's Promise",
      "product_url": "https://wolt.com/cs/cze/prague/venue/albert-vinohradska/nature-s-promise-bio-spaldovy-napoj-itemid-64ca0b7cba162577de48889f",
      "image_url": "https://imageproxy.wolt.com/menu/menu-images/64ffec4406cca0140dfab831/c220e844-8ec6-11ee-ac9b-2254ad732fe4_27622773.jpg",
      "categories": [
        "MLÉČNÉ A CHLAZENÉ",
        "ROSTLINNÉ PRODUKTY"
      ],
      "prices": [
        {
          "store_name": "Albert",
          "price": 28.9,
          "original_price": null,
          "unit_price": 28.9,
          "unit": "l",
          "package_size": "1 l",
          "condition": null
        }
      ],
      "description": null
    },
    {
      "name": "Haribo Želé medvídci s ovocnými příchutěmi",
      "brand": "Haribo",
      "product_url": "https://wolt.com/cs/cze/prague/venue/albert-vinohradska/haribo-zele-medvidci-s-ovocnymi-prichutemi-itemid-64ca0b7cba162577de4885b9",
      "image_url": "https://imageproxy.wolt.com/menu/menu-images/63ad795db242366d1f818f36/ad548114-ed43-11ef-a0ca-9e4250c13a7a_20317683.jpg",
      "categories": [
        "TRVANLIVÉ",
        "SLADKOSTI"
      ],
      "prices": [
        {
          "store_name": "Albert",
          "price": 24.9,
          "original_price": null,
          "unit_price": 249.0,
          "unit": "Kg",
          "package_size": "100 g",
          "condition": null
        }
      ],
      "description": null
    },
    {
      "name": "YoPRO Jogurtový nápoj s příchutí stracciatella",
      "brand": "YoPRO",
      "product_url": "https://wolt.com/cs/cze/prague/venue/albert-vinohradska/yopro-jogurtovy-napoj-s-prichuti-stracciatella-itemid-681b5abffcbd67bf7a8f4ac5",
      "image_url": "https://imageproxy.wolt.com/menu/menu-images/63ad795db242366d1f818f36/839b6b3e-2b47-11f0-a4ed-c2b8b86e4134_27912805.jpg",
      "categories": [
        "MLÉČNÉ A CHLAZENÉ",
        "MLÉČNÉ NÁPOJE"
      ],
      "prices": [
        {
          "store_name": "Albert",
          "price": 49.9,
          "original_price": null,
          "unit_price": 166.33,
          "unit": "Kg",
          "package_size": "300 g",
          "condition": null
        }
      ],
      "description": null
    },
    {
      "name": "Dr. Oetker Poleva tmavá",
      "brand": "Dr. Oetker",
      "product_url": "https://wolt.com/cs/cze/prague/venue/albert-vinohradska/dr-oetker-poleva-tmava-itemid-64ca0b7cba162577de488981",
      "image_url": "https://imageproxy.wolt.com/menu/menu-images/63ad795db242366d1f818f36/f64369d2-a8e9-11f0-b99d-6ec0f414a594_22983756.jpg",
      "categories": [
        "TRVANLIVÉ",
        "PEČENÍ A VAŘENÍ"
      ],
      "prices": [
        {
          "store_name": "Albert",
          "price": 39.9,
          "original_price": null,
          "unit_price": 399.0,
          "unit": "Kg",
          "package_size": "100 g",
          "condition": null
        }
      ],
      "description": null
    },
    {
      "name": "Albert Excellent Pomazánka meruňková",
      "brand": "Albert Excellent",
      "product_url": "https://wolt.com/cs/cze/prague/venue/albert-vinohradska/albert-excellent-pomazanka-merunkova-itemid-6601e747fbf277544faaaa61",
      "image_url": "https://imageproxy.wolt.com/menu/menu-images/63ad795db242366d1f818f36/418aead6-7fed-11ef-930c-5ef9d3543f40_27627389.jpg",
      "categories": [
        "TRVANLIVÉ",
        "MEDY A SL. POMAZÁNKY"
      ],
      "prices": [
        {
          "store_name": "Albert",
          "price": 59.9,
          "original_price": null,
          "unit_price": 260.43,
          "unit": "Kg",
          "package_size": "230 g",
          "condition": null
        }
      ],
      "description": null
    },
    {
      "name": "Meggle Mléko polotučné 1,5% bez laktózy",
      "brand": "Meggle",
      "product_url": "https://wolt.com/cs/cze/prague/venue/albert-vinohradska/meggle-mleko-polotucne-1-5-bez-laktozy-itemid-64ca0b7cba162577de488fd1",
      "image_url": "https://imageproxy.wolt.com/menu/menu-images/64ffec4406cca0140dfab831/41cfe0ce-8eb6-11ee-9cf0-8e50ebf9f3ec_25730784.jpg",
      "categories": [
        "MLÉČNÉ A CHLAZENÉ",
        "MLÉČNÉ NÁPOJE"
      ],
      "prices": [
        {
          "store_name": "Albert",
          "price": 44.9,
          "original_price": null,
          "unit_price": 44.9,
          "unit": "l",
          "package_size": "1 l",
          "condition": null
        }
      ],
      "description": null
    },
    {
      "name": "Red Bull energy drink bez cukru",
      "brand": "Red",
      "product_url": "https://wolt.com/cs/cze/prague/venue/albert-vinohradska/red-bull-energy-drink-bez-cukru-itemid-64ca0b7cba162577de489cce",
      "image_url": "https://imageproxy.wolt.com/menu/menu-images/64ffec4406cca0140dfab831/210b23aa-8eaf-11ee-a72c-0ad9bf6baf5b_23144149.jpg",
      "categories": [
        "NÁPOJE",
        "ENERGY NÁPOJE"
      ],
      "prices": [
        {
          "store_name": "Albert",
          "price": 32.9,
          "original_price": null,
          "unit_price": 131.6,
          "unit": "l",
          "package_size": "250 ml",
          "condition": null
        }
      ],
      "description": null
    },
    {
      "name": "Nature's Promise Kids Želé s příchutí jahody",
      "brand": "Nature's Promise",
      "product_url": "https://wolt.com/cs/cze/prague/venue/albert-vinohradska/nature-s-promise-kids-zele-s-prichuti-jahody-itemid-6601f45bcfe87b2d02d62210",
      "image_url": "https://imageproxy.wolt.com/menu/menu-images/6601c613e48d1c8d95333085/749a6d90-eae5-11ee-b2ad-4a7a54ed4665_27843420.jpg",
      "categories": [
        "TRVANLIVÉ",
        "SLADKOSTI"
      ],
      "prices": [
        {
          "store_name": "Albert",
          "price": null,
          "original_price": null,
          "unit_price": 568.57,
          "unit": "Kg",
          "package_size": "35 g",
          "condition": "Sleva"
        }
      ],
      "description": null
    },
    {
      "name": "Nature's Promise Gel na nádobí",
      "brand": "Nature's Promise",
      "product_url": "https://wolt.com/cs/cze/prague/venue/albert-vinohradska/nature-s-promise-gel-na-nadobi-itemid-64ca0b7cba162577de4893f3",
      "image_url": "https://imageproxy.wolt.com/menu/menu-images/64ffec4406cca0140dfab831/1dd36aca-8ec9-11ee-8260-fec31b4d5ee4_27738382.jpg",
      "categories": [
        "DROGERIE A KOSMETIKA",
        "MYTÍ NÁDOBÍ"
      ],
      "prices": [
        {
          "store_name": "Albert",
          "price": null,
          "original_price": null,
          "unit_price": 113.2,
          "unit": "l",
          "package_size": "750 ml",
          "condition": "Sleva"
        }
      ],
      "description": null
    },
    {
      "name": "Hamé Bůčková pomazánka",
      "brand": "Hamé",
      "product_url": "https://wolt.com/cs/cze/prague/venue/albert-vinohradska/hame-buckova-pomazanka-itemid-657233256818b938df94864f",
      "image_url": "https://imageproxy.wolt.com/menu/menu-images/64ffec4406cca0140dfab831/e386404c-8ead-11ee-ae96-ca969f421442_21429699.jpg",
      "categories": [
        "UZENINY A LAHŮDKY",
        "LAHŮDKY"
      ],
      "prices": [
        {
          "store_name": "Albert",
          "price": null,
          "original_price": null,
          "unit_price": 206.25,
          "unit": "Kg",
          "package_size": "48 g",
          "condition": "Sleva"
        }
      ],
      "description": null
    },
    {
      "name": "Nescafé Classic instantní káva",
      "brand": "Nescafé",
      "product_url": "https://wolt.com/cs/cze/prague/venue/albert-vinohradska/nescafe-classic-instantni-kava-itemid-64ca0b7cba162577de488361",
      "image_url": "https://imageproxy.wolt.com/menu/menu-images/63ad795db242366d1f818f36/2fea9386-26ff-11ef-85b2-4ea972993f8d_20319670.jpg",
      "categories": [
        "NÁPOJE",
        "KÁVA A ČAJ"
      ],
      "prices": [
        {
          "store_name": "Albert",
          "price": 149.9,
          "original_price": null,
          "unit_price": 749.5,
          "unit": "Kg",
          "package_size": "200 g",
          "condition": null
        }
      ],
      "description": null
    },
    {
      "name": "Chléb mlynářský žitný",
      "brand": "Chléb",
      "product_url": "https://wolt.com/cs/cze/prague/venue/albert-vinohradska/chleb-mlynarsky-zitny-itemid-657233256818b938df94790c",
      "image_url": "https://imageproxy.wolt.com/menu/menu-images/64ffec4406cca0140dfab831/c3d158a4-8ec1-11ee-b5d1-261fd742ff1a_27259528.jpg",
      "categories": [
        "PEKÁRNA A CUKRÁRNA",
        "CHLÉB VOLNÝ"
      ],
      "prices": [
        {
          "store_name": "Albert",
          "price": 39.9,
          "original_price": null,
          "unit_price": 79.8,
          "unit": "Kg",
          "package_size": "500 g",
          "condition": null
        }
      ],
      "description": null
    },
    {
      "name": "Nekton Sledí filety v tomatové omáčce",
      "brand": "Nekton",
      "product_url": "https://wolt.com/cs/cze/prague/venue/albert-vinohradska/nekton-sledi-filety-v-tomatove-omacce-itemid-657233256818b938df947887",
      "image_url": "https://imageproxy.wolt.com/menu/menu-images/64ffec4406cca0140dfab831/3b21a56c-8eae-11ee-a365-6acfb8ed3f7f_22057204.jpg",
      "categories": [
        "TRVANLIVÉ",
        "KONZERVOVANÉ POTR."
      ],
      "prices": [
        {
          "store_name": "Albert",
          "price": 49.9,
          "original_price": null,
          "unit_price": 489.22,
          "unit": "Kg",
          "package_size": "102 g",
          "condition": null
        }
      ],
      "description": null
    },
    {
      "name": "Kmotr Trio klobás krájené",
      "brand": "Kmotr",
      "product_url": "https://wolt.com/cs/cze/prague/venue/albert-vinohradska/kmotr-trio-klobas-krajene-itemid-657233256818b938df948554",
      "image_url": "https://imageproxy.wolt.com/menu/menu-images/64ffec4406cca0140dfab831/664888ae-8ebe-11ee-b721-46136b2ea02a_27027325.jpg",
      "categories": [
        "UZENINY A LAHŮDKY",
        "SALÁMY"
      ],
      "prices": [
        {
          "store_name": "Albert",
          "price": 38.9,
          "original_price": null,
          "unit_price": 518.67,
          "unit": "Kg",
          "package_size": "75 g",
          "condition": null
        }
      ],
      "description": null
    },
    {
      "name": "Česká chuť Hořčice plnotučná",
      "brand": "Česká chuť",
      "product_url": "https://wolt.com/cs/cze/prague/venue/albert-vinohradska/ceska-chut-horcice-plnotucna-itemid-64ca0b7cba162577de488383",
      "image_url": "https://imageproxy.wolt.com/menu/menu-images/64ffec4406cca0140dfab831/872c5f6c-8ebb-11ee-8af0-02af1dc0d2ec_26777856.jpg",
      "categories": [
        "TRVANLIVÉ",
        "KEČUPY A HOŘČICE"
      ],
      "prices": [
        {
          "store_name": "Albert",
          "price": 38.9,
          "original_price": null,
          "unit_price": 86.44,
          "unit": "Kg",
          "package_size": "450 g",
          "condition": null
        }
      ],
      "description": null
    },
    {
      "name": "Savo podlahy a povrchy vůně oceánu",
      "brand": "Savo",
      "product_url": "https://wolt.com/cs/cze/prague/venue/albert-vinohradska/savo-podlahy-a-povrchy-vune-oceanu-itemid-64ca0b7cba162577de488e05",
      "image_url": "https://imageproxy.wolt.com/menu/menu-images/64ffec4406cca0140dfab831/5f2ea084-8eb0-11ee-a5a4-5a7762fb688d_23749825.jpg",
      "categories": [
        "DOMÁCNOST A ZAHRADA",
        "ÚKLIDOVÉ POTŘEBY"
      ],
      "prices": [
        {
          "store_name": "Albert",
          "price": 74.9,
          "original_price": null,
          "unit_price": 99.87,
          "unit": "l",
          "package_size": "750 ml",
          "condition": null
        }
      ],
      "description": null
    },
    {
      "name": "Syoss Keratin šampon pro jemné a lámavé vlasy",
      "brand": "Syoss",
      "product_url": "https://wolt.com/cs/cze/prague/venue/albert-vinohradska/syoss-keratin-sampon-pro-jemne-a-lamave-vlasy-itemid-64ca0b7cba162577de48a08a",
      "image_url": "https://imageproxy.wolt.com/menu/menu-images/63ad795db242366d1f818f36/d7e840ac-f8ef-11ef-9ef2-f20bdc3a7d62_25817645.jpg",
      "categories": [
        "DROGERIE A KOSMETIKA",
        "PÉČE O VLASY"
      ],
      "prices": [
        {
          "store_name": "Albert",
          "price": 153.0,
          "original_price": null,
          "unit_price": 347.73,
          "unit": "l",
          "package_size": "440 ml",
          "condition": null
        }
      ],
      "description": null
    },
    {
      "name": "Zapékací a grilovací misky",
      "brand": "Zapékací",
      "product_url": "https://wolt.com/cs/cze/prague/venue/albert-vinohradska/zapekaci-a-grilovaci-misky-itemid-657233256818b938df947f98",
      "image_url": "https://imageproxy.wolt.com/menu/menu-images/64ffec4406cca0140dfab831/31720c98-8ebb-11ee-ac21-be8c16d2d45a_26749518.jpg",
      "categories": [
        "DOMÁCNOST A ZAHRADA",
        "JEDNORÁZOVÉ NÁDOBÍ"
      ],
      "prices": [
        {
          "store_name": "Albert",
          "price": 44.9,
          "original_price": null,
          "unit_price": 22.45,
          "unit": "ks",
          "package_size": "‪2‬ kusů",
          "condition": "Vyprodáno"
        }
      ],
      "description": null
    },
    {
      "name": "Milko Ovofit tvarohový dezert (mix příchutí)",
      "brand": "Milko",
      "product_url": "https://wolt.com/cs/cze/prague/venue/albert-vinohradska/milko-ovofit-tvarohovy-dezert-mix-prichuti-itemid-657233256818b938df9486b6",
      "image_url": "https://imageproxy.wolt.com/menu/menu-images/64ffec4406cca0140dfab831/b6d8a660-8eae-11ee-a873-3a6355b6d69b_22725400.jpg",
      "categories": [
        "MLÉČNÉ A CHLAZENÉ",
        "JOGURTY A DEZERTY"
      ],
      "prices": [
        {
          "store_name": "Albert",
          "price": 13.9,
          "original_price": null,
          "unit_price": 99.29,
          "unit": "Kg",
          "package_size": "140 g",
          "condition": null
        }
      ],
      "description": null
    },
    {
      "name": "Albert Cheesecake New York Style",
      "brand": "Albert",
      "product_url": "https://wolt.com/cs/cze/prague/venue/albert-vinohradska/albert-cheesecake-new-york-style-itemid-6876153a0c6218e9f3e5f476",
      "image_url": "https://imageproxy.wolt.com/menu/menu-images/64b62ec5e5ab70cdc92e30f0/230e6178-616f-11f0-ba61-9e5f42da991a_27801673.jpg",
      "categories": [
        "MRAŽENÉ POTRAVINY",
        "ZMRZLINA A NANUKY"
      ],
      "prices": [
        {
          "store_name": "Albert",
          "price": 116.9,
          "original_price": null,
          "unit_price": 259.78,
          "unit": "Kg",
          "package_size": "450 g",
          "condition": "Vyprodáno"
        }
      ],
      "description": null
    },
    {
      "name": "Tchibo Gold Selection Crema instantní káva",
      "brand": "Tchibo",
      "product_url": "https://wolt.com/cs/cze/prague/venue/albert-vinohradska/tchibo-gold-selection-crema-instantni-kava-itemid-64ca0b7cba162577de488409",
      "image_url": "https://imageproxy.wolt.com/menu/menu-images/63ad795db242366d1f818f36/0f085706-7826-11f0-b566-ca5d23d4c467_25110388.jpg",
      "categories": [
        "NÁPOJE",
        "KÁVA A ČAJ"
      ],
      "prices": [
        {
          "store_name": "Albert",
          "price": 139.9,
          "original_price": null,
          "unit_price": 777.22,
          "unit": "Kg",
          "package_size": "180 g",
          "condition": null
        }
      ],
      "description": null
    },
    {
      "name": "Hello Multivitamin",
      "brand": "Hello",
      "product_url": "https://wolt.com/cs/cze/prague/venue/albert-vinohradska/hello-multivitamin-itemid-64ca0b7cba162577de4882e1",
      "image_url": "https://imageproxy.wolt.com/menu/menu-images/64ffec4406cca0140dfab831/31e754da-8eac-11ee-974a-f2309c23f2b6_20298470.jpg",
      "categories": [
        "NÁPOJE",
        "DŽUSY A NEKTARY"
      ],
      "prices": [
        {
          "store_name": "Albert",
          "price": 26.9,
          "original_price": null,
          "unit_price": 26.9,
          "unit": "l",
          "package_size": "1 l",
          "condition": null
        }
      ],
      "description": null
    },
    {
      "name": "Seko Sleďové filety ála matjes",
      "brand": "Seko",
      "product_url": "https://wolt.com/cs/cze/prague/venue/albert-vinohradska/seko-sledove-filety-ala-matjes-itemid-64ca0b7cba162577de489add",
      "image_url": "https://imageproxy.wolt.com/menu/menu-images/64ffec4406cca0140dfab831/c81206b2-8eb6-11ee-ba67-b287692f5450_25838916.jpg",
      "categories": [
        "UZENINY A LAHŮDKY",
        "RYBÍ SPECIALITY"
      ],
      "prices": [
        {
          "store_name": "Albert",
          "price": 54.9,
          "original_price": null,
          "unit_price": 219.6,
          "unit": "Kg",
          "package_size": "250 g",
          "condition": null
        }
      ],
      "description": null
    },
    {
      "name": "Pampers Active Baby pleny Junior, velikost 5",
      "brand": "Pampers",
      "product_url": "https://wolt.com/cs/cze/prague/venue/albert-vinohradska/pampers-active-baby-pleny-junior-velikost-5-itemid-64ca0b7cba162577de48a12f",
      "image_url": "https://imageproxy.wolt.com/menu/menu-images/63ad795db242366d1f818f36/18e87aac-ed44-11ef-b21a-62242cb3c19f_27053911.jpg",
      "categories": [
        "DÍTĚ",
        "PLENY A PODLOŽKY"
      ],
      "prices": [
        {
          "store_name": "Albert",
          "price": null,
          "original_price": null,
          "unit_price": 6.58,
          "unit": "ks",
          "package_size": "‪50‬ kusů",
          "condition": "Sleva"
        }
      ],
      "description": null
    },
    {
      "name": "Persil Prací prášek Fresh by Silan",
      "brand": "Persil",
      "product_url": "https://wolt.com/cs/cze/prague/venue/albert-vinohradska/persil-praci-prasek-fresh-by-silan-itemid-657233256818b938df947c02",
      "image_url": "https://imageproxy.wolt.com/menu/menu-images/64ffec4406cca0140dfab831/1d95f87a-8ebf-11ee-b133-6a11ca682d5f_27092361.jpg",
      "categories": [
        "DROGERIE A KOSMETIKA",
        "PRACÍ PROSTŘEDKY"
      ],
      "prices": [
        {
          "store_name": "Albert",
          "price": 379.0,
          "original_price": null,
          "unit_price": 5.26,
          "unit": "ks",
          "package_size": "‪72‬ kusů",
          "condition": null
        }
      ],
      "description": null
    },
    {
      "name": "O.B. ProComfort Super Plus tampóny",
      "brand": "O.B",
      "product_url": "https://wolt.com/cs/cze/prague/venue/albert-vinohradska/o-b-procomfort-super-plus-tampony-itemid-64ca0b7cba162577de489a28",
      "image_url": "https://imageproxy.wolt.com/menu/menu-images/64ffec4406cca0140dfab831/c3d7b9b0-8eb2-11ee-b095-e6fbf8d3c3b0_24879866.jpg",
      "categories": [
        "DROGERIE A KOSMETIKA",
        "DÁMSKÉ HYG. POTŘEBY"
      ],
      "prices": [
        {
          "store_name": "Albert",
          "price": 96.9,
          "original_price": null,
          "unit_price": 6.06,
          "unit": "ks",
          "package_size": "‪16‬ kusů",
          "condition": null
        }
      ],
      "description": null
    },
    {
      "name": "Emma Cornflakes",
      "brand": "Emma",
      "product_url": "https://wolt.com/cs/cze/prague/venue/albert-vinohradska/emma-cornflakes-itemid-64ca0b7cba162577de488a35",
      "image_url": "https://imageproxy.wolt.com/menu/menu-images/63ad795db242366d1f818f36/1b9f9748-d671-11ee-96a4-d6432d72c02f_24705479.jpg",
      "categories": [
        "TRVANLIVÉ",
        "MÜSLI A CEREÁLIE"
      ],
      "prices": [
        {
          "store_name": "Albert",
          "price": 39.9,
          "original_price": null,
          "unit_price": 79.8,
          "unit": "Kg",
          "package_size": "500 g",
          "condition": null
        }
      ],
      "description": null
    },
    {
      "name": "Président Cheddar 52% plátky",
      "brand": "Président",
      "product_url": "https://wolt.com/cs/cze/prague/venue/albert-vinohradska/president-cheddar-52-platky-itemid-64ca0b7cba162577de4891f7",
      "image_url": "https://imageproxy.wolt.com/menu/menu-images/64ffec4406cca0140dfab831/1c3fc750-8eb3-11ee-adda-7a4dcb26504b_24956758.jpg",
      "categories": [
        "MLÉČNÉ A CHLAZENÉ",
        "SÝRY"
      ],
      "prices": [
        {
          "store_name": "Albert",
          "price": null,
          "original_price": null,
          "unit_price": 469.0,
          "unit": "Kg",
          "package_size": "100 g",
          "condition": "Sleva"
        }
      ],
      "description": null
    },
    {
      "name": "Sladidlo Kandisin tablety",
      "brand": "Sladidlo",
      "product_url": "https://wolt.com/cs/cze/prague/venue/albert-vinohradska/sladidlo-kandisin-tablety-itemid-657233256818b938df9478bb",
      "image_url": "https://imageproxy.wolt.com/menu/menu-images/64ffec4406cca0140dfab831/3c03401e-8ebb-11ee-8ebf-16e6bf59122a_26759050.jpg",
      "categories": [
        "TRVANLIVÉ",
        "SPECIÁLNÍ"
      ],
      "prices": [
        {
          "store_name": "Albert",
          "price": 54.9,
          "original_price": null,
          "unit_price": 5490.0,
          "unit": "Kg",
          "package_size": "10 g",
          "condition": null
        }
      ],
      "description": null
    },
    {
      "name": "Astrid Aqua Biotic micelární voda",
      "brand": "Astrid",
      "product_url": "https://wolt.com/cs/cze/prague/venue/albert-vinohradska/astrid-aqua-biotic-micelarni-voda-itemid-64ca0b7cba162577de48a258",
      "image_url": "https://imageproxy.wolt.com/menu/menu-images/64ffec4406cca0140dfab831/218cd34a-8eba-11ee-b590-b6ff72c7a500_26570884.jpg",
      "categories": [
        "DROGERIE A KOSMETIKA",
        "PÉČE O PLEŤ"
      ],
      "prices": [
        {
          "store_name": "Albert",
          "price": 98.9,
          "original_price": null,
          "unit_price": 494.5,
          "unit": "l",
          "package_size": "200 ml",
          "condition": null
        }
      ],
      "description": null
    },
    {
      "name": "Alpro Mandlový nápoj s vanilkovou příchutí",
      "brand": "Alpro",
      "product_url": "https://wolt.com/cs/cze/prague/venue/albert-vinohradska/alpro-mandlovy-napoj-s-vanilkovou-prichuti-itemid-64ca0b7cba162577de489242",
      "image_url": "https://imageproxy.wolt.com/menu/menu-images/64ffec4406cca0140dfab831/f8a22baa-8ebf-11ee-8175-3abcd54edd52_27150924.jpg",
      "categories": [
        "MLÉČNÉ A CHLAZENÉ",
        "ROSTLINNÉ PRODUKTY"
      ],
      "prices": [
        {
          "store_name": "Albert",
          "price": 86.9,
          "original_price": null,
          "unit_price": 86.9,
          "unit": "l",
          "package_size": "1 l",
          "condition": null
        }
      ],
      "description": null
    },
    {
      "name": "Milka I love Milka Bonboniéra lískooříšková",
      "brand": "Milka",
      "product_url": "https://wolt.com/cs/cze/prague/venue/albert-vinohradska/milka-i-love-milka-bonboniera-liskooriskova-itemid-64ca0b7cba162577de48a05a",
      "image_url": "https://imageproxy.wolt.com/menu/menu-images/64ffec4406cca0140dfab831/d87474f6-8ebe-11ee-8006-b29f7f1f7f8d_27070277.jpg",
      "categories": [
        "TRVANLIVÉ",
        "SLADKOSTI"
      ],
      "prices": [
        {
          "store_name": "Albert",
          "price": 64.9,
          "original_price": null,
          "unit_price": 1475.0,
          "unit": "Kg",
          "package_size": "44 g",
          "condition": null
        }
      ],
      "description": null
    },
    {
      "name": "Jelen Čistič nádobí kapradí",
      "brand": "Jelen",
      "product_url": "https://wolt.com/cs/cze/prague/venue/albert-vinohradska/jelen-cistic-nadobi-kapradi-itemid-64ca0b7cba162577de4899ff",
      "image_url": "https://imageproxy.wolt.com/menu/menu-images/63ad795db242366d1f818f36/21058970-a8ea-11f0-b6c3-661b5d74e69a_26977669.jpg",
      "categories": [
        "DROGERIE A KOSMETIKA",
        "MYTÍ NÁDOBÍ"
      ],
      "prices": [
        {
          "store_name": "Albert",
          "price": null,
          "original_price": null,
          "unit_price": 79.8,
          "unit": "l",
          "package_size": "500 ml",
          "condition": "Sleva"
        }
      ],
      "description": null
    },
    {
      "name": "Actimel Kids Nápoj jogurtový jahoda & banán",
      "brand": "Actimel",
      "product_url": "https://wolt.com/cs/cze/prague/venue/albert-vinohradska/actimel-kids-napoj-jogurtovy-jahoda-banan-itemid-64ca0b7cba162577de489a2f",
      "image_url": "https://imageproxy.wolt.com/menu/menu-images/63ad795db242366d1f818f36/2aa24184-7826-11f0-9cdf-8af0729eed7b_25862478.jpg",
      "categories": [
        "MLÉČNÉ A CHLAZENÉ",
        "MLÉČNÉ NÁPOJE"
      ],
      "prices": [
        {
          "store_name": "Albert",
          "price": null,
          "original_price": null,
          "unit_price": 112.25,
          "unit": "Kg",
          "package_size": "400 g",
          "condition": "Sleva"
        }
      ],
      "description": null
    },
    {
      "name": "Hello Ovocná přesnídávka s jablky",
      "brand": "Hello",
      "product_url": "https://wolt.com/cs/cze/prague/venue/albert-vinohradska/hello-ovocna-presnidavka-s-jablky-itemid-64ca0b7cba162577de4891c6",
      "image_url": "https://imageproxy.wolt.com/menu/menu-images/63ad795db242366d1f818f36/f0e4fee6-7825-11f0-97a3-6ae3417a4563_23271715.jpg",
      "categories": [
        "DÍTĚ",
        "VÝŽIVA"
      ],
      "prices": [
        {
          "store_name": "Albert",
          "price": 11.9,
          "original_price": null,
          "unit_price": 62.63,
          "unit": "Kg",
          "package_size": "190 g",
          "condition": "Vyprodáno"
        }
      ],
      "description": null
    },
    {
      "name": "Dove Hydrate Sprchový gel",
      "brand": "Dove",
      "product_url": "https://wolt.com/cs/cze/prague/venue/albert-vinohradska/dove-hydrate-sprchovy-gel-itemid-657233256818b938df9484c8",
      "image_url": "https://imageproxy.wolt.com/menu/menu-images/63ad795db242366d1f818f36/b8dcff8e-3213-11ef-90ad-56e725a770ba_27754795.jpg",
      "categories": [
        "DROGERIE A KOSMETIKA",
        "MÝDLA A GELY"
      ],
      "prices": [
        {
          "store_name": "Albert",
          "price": 99.9,
          "original_price": null,
          "unit_price": 222.0,
          "unit": "l",
          "package_size": "450 ml",
          "condition": "Vyprodáno"
        }
      ],
      "description": null
    },
    {
      "name": "Svíčka hřbitovní lampa s víčkem",
      "brand": null,
      "product_url": "https://wolt.com/cs/cze/prague/venue/albert-vinohradska/svicka-hrbitovni-lampa-s-vickem-itemid-64ca0b7cba162577de489bef",
      "image_url": "https://imageproxy.wolt.com/menu/menu-images/63ad795db242366d1f818f36/50e8062e-9796-11ef-ac32-de4ae2f9178a_25633269.jpg",
      "categories": [
        "DOMÁCNOST A ZAHRADA",
        "SVÍČKY"
      ],
      "prices": [
        {
          "store_name": "Albert",
          "price": 29.9,
          "original_price": null,
          "unit_price": 29.9,
          "unit": "ks",
          "package_size": "‪1‬ kus",
          "condition": null
        }
      ],
      "description": null
    },
    {
      "name": "Zewa Deluxe Cashmere Peach toaletní papír",
      "brand": "Zewa",
      "product_url": "https://wolt.com/cs/cze/prague/venue/albert-vinohradska/zewa-deluxe-cashmere-peach-toaletni-papir-itemid-64ca0b7cba162577de489106",
      "image_url": "https://imageproxy.wolt.com/menu/menu-images/64ffec4406cca0140dfab831/b432b3f6-8eae-11ee-9a04-5a1fea813fd4_22714565.jpg",
      "categories": [
        "DROGERIE A KOSMETIKA",
        "PAPÍROVÁ HYGIENA"
      ],
      "prices": [
        {
          "store_name": "Albert",
          "price": 119.9,
          "original_price": null,
          "unit_price": 0.77,
          "unit": "ks",
          "package_size": "‪155‬ kusů",
          "condition": null
        }
      ],
      "description": null
    },
    {
      "name": "Albert Termix s kakaovou příchutí",
      "brand": "Albert",
      "product_url": "https://wolt.com/cs/cze/prague/venue/albert-vinohradska/albert-termix-s-kakaovou-prichuti-itemid-64ca0b7cba162577de4883b1",
      "image_url": "https://imageproxy.wolt.com/menu/menu-images/64ffec4406cca0140dfab831/1c28f52c-8ebb-11ee-be58-723b124ceb50_26736983.jpg",
      "categories": [
        "MLÉČNÉ A CHLAZENÉ",
        "JOGURTY A DEZERTY"
      ],
      "prices": [
        {
          "store_name": "Albert",
          "price": 9.9,
          "original_price": null,
          "unit_price": 110.0,
          "unit": "Kg",
          "package_size": "90 g",
          "condition": null
        }
      ],
      "description": null
    },
    {
      "name": "Pejskar Polický uherák krájený",
      "brand": "Pejskar",
      "product_url": "https://wolt.com/cs/cze/prague/venue/albert-vinohradska/pejskar-policky-uherak-krajeny-itemid-64ca0b7cba162577de4880d3",
      "image_url": "https://imageproxy.wolt.com/menu/menu-images/64ffec4406cca0140dfab831/f870508a-8eb5-11ee-9e92-96ff514b0205_25668346.jpg",
      "categories": [
        "UZENINY A LAHŮDKY",
        "SALÁMY"
      ],
      "prices": [
        {
          "store_name": "Albert",
          "price": 39.9,
          "original_price": null,
          "unit_price": 532.0,
          "unit": "Kg",
          "package_size": "75 g",
          "condition": null
        }
      ],
      "description": null
    },
    {
      "name": "Captain Kombucha Bio Zero malina",
      "brand": "Captain",
      "product_url": "https://wolt.com/cs/cze/prague/venue/albert-vinohradska/captain-kombucha-bio-zero-malina-itemid-657233256818b938df9484ad",
      "image_url": "https://imageproxy.wolt.com/menu/menu-images/64ffec4406cca0140dfab831/6a01d2fe-8ecb-11ee-ac75-9ed69e6fc87d_27806357.jpg",
      "categories": [
        "NÁPOJE",
        "LIMONÁDY"
      ],
      "prices": [
        {
          "store_name": "Albert",
          "price": null,
          "original_price": null,
          "unit_price": 104.75,
          "unit": "l",
          "package_size": "400 ml",
          "condition": "Sleva"
        }
      ],
      "description": null
    },
    {
      "name": "Amylon Bio vanilkový cukr",
      "brand": "Amylon",
      "product_url": "https://wolt.com/cs/cze/prague/venue/albert-vinohradska/amylon-bio-vanilkovy-cukr-itemid-64ca0b7cba162577de489609",
      "image_url": "https://imageproxy.wolt.com/menu/menu-images/64ffec4406cca0140dfab831/ccbed014-8eb1-11ee-b61a-76d8d681f910_24543842.jpg",
      "categories": [
        "TRVANLIVÉ",
        "PEČENÍ A VAŘENÍ"
      ],
      "prices": [
        {
          "store_name": "Albert",
          "price": 12.9,
          "original_price": null,
          "unit_price": 1612.5,
          "unit": "Kg",
          "package_size": "8 g",
          "condition": null
        }
      ],
      "description": null
    },
    {
      "name": "Albert Plněné kapsičky pro kočky - drůbež a sýr",
      "brand": "Albert",
      "product_url": "https://wolt.com/cs/cze/prague/venue/albert-vinohradska/albert-plnene-kapsicky-pro-kocky-drubez-a-syr-itemid-64ca0b7cba162577de4887b9",
      "image_url": "https://imageproxy.wolt.com/menu/menu-images/63ad795db242366d1f818f36/3a622986-7826-11f0-800d-ce3a58662218_26427164.jpg",
      "categories": [
        "ZVÍŘATA",
        "KOČKY"
      ],
      "prices": [
        {
          "store_name": "Albert",
          "price": 19.9,
          "original_price": null,
          "unit_price": 398.0,
          "unit": "Kg",
          "package_size": "50 g",
          "condition": null
        }
      ],
      "description": null
    },
    {
      "name": "Jemča Pigi Černý čaj",
      "brand": "Jemča",
      "product_url": "https://wolt.com/cs/cze/prague/venue/albert-vinohradska/jemca-pigi-cerny-caj-itemid-64ca0b7cba162577de488769",
      "image_url": "https://imageproxy.wolt.com/menu/menu-images/64ffec4406cca0140dfab831/60061932-8eac-11ee-8c71-361f92ce8d2c_20303099.jpg",
      "categories": [
        "NÁPOJE",
        "KÁVA A ČAJ"
      ],
      "prices": [
        {
          "store_name": "Albert",
          "price": 19.9,
          "original_price": null,
          "unit_price": 523.68,
          "unit": "Kg",
          "package_size": "38 g",
          "condition": null
        }
      ],
      "description": null
    },
    {
      "name": "Maltesers Mléčná čokoláda s křupavým středem",
      "brand": "Maltesers",
      "product_url": "https://wolt.com/cs/cze/prague/venue/albert-vinohradska/maltesers-mlecna-cokolada-s-krupavym-stredem-itemid-660215e77b4c71af9e2f5729",
      "image_url": "https://imageproxy.wolt.com/menu/menu-images/6601c613e48d1c8d95333085/1d42b094-eae4-11ee-932e-eeff4dfe8a12_27386491.jpg",
      "categories": [
        "TRVANLIVÉ",
        "SLADKOSTI"
      ],
      "prices": [
        {
          "store_name": "Albert",
          "price": 32.9,
          "original_price": null,
          "unit_price": 889.19,
          "unit": "Kg",
          "package_size": "37 g",
          "condition": null
        }
      ],
      "description": null
    },
    {
      "name": "Albert Excellent Tapas Krevety s česnekem",
      "brand": "Albert Excellent",
      "product_url": "https://wolt.com/cs/cze/prague/venue/albert-vinohradska/albert-excellent-tapas-krevety-s-cesnekem-itemid-657233256818b938df948baf",
      "image_url": "https://imageproxy.wolt.com/menu/menu-images/63ad795db242366d1f818f36/9d103864-8e26-11f0-af93-3e4badae230e_27727232.jpg",
      "categories": [
        "UZENINY A LAHŮDKY",
        "TAPAS"
      ],
      "prices": [
        {
          "store_name": "Albert",
          "price": 89.0,
          "original_price": null,
          "unit_price": 1271.43,
          "unit": "Kg",
          "package_size": "70 g",
          "condition": null
        }
      ],
      "description": null
    },
    {
      "name": "Ondoliva Olivový olej s bazalkou",
      "brand": "Ondoliva",
      "product_url": "https://wolt.com/cs/cze/prague/venue/albert-vinohradska/ondoliva-olivovy-olej-s-bazalkou-itemid-660207d4e5683726638222fb",
      "image_url": "https://imageproxy.wolt.com/menu/menu-images/6601c613e48d1c8d95333085/2dcb7604-eae3-11ee-916c-76ff4dd1b7a3_26581484.jpg",
      "categories": [
        "TRVANLIVÉ",
        "OLEJE A OCTY"
      ],
      "prices": [
        {
          "store_name": "Albert",
          "price": 169.0,
          "original_price": null,
          "unit_price": 676.0,
          "unit": "l",
          "package_size": "250 ml",
          "condition": null
        }
      ],
      "description": null
    },
    {
      "name": "Relax Sirup jablko",
      "brand": "Relax",
      "product_url": "https://wolt.com/cs/cze/prague/venue/albert-vinohradska/relax-sirup-jablko-itemid-64ca0b7cba162577de4880f3",
      "image_url": "https://imageproxy.wolt.com/menu/menu-images/64ffec4406cca0140dfab831/1034cfe0-8eb9-11ee-8a02-b6ff72c7a500_26364599.jpg",
      "categories": [
        "NÁPOJE",
        "SIRUPY A KONCENTRÁTY"
      ],
      "prices": [
        {
          "store_name": "Albert",
          "price": 79.9,
          "original_price": null,
          "unit_price": 114.14,
          "unit": "l",
          "package_size": "700 ml",
          "condition": null
        }
      ],
      "description": null
    },
    {
      "name": "Emma Lísková jádra blanšírovaná",
      "brand": "Emma",
      "product_url": "https://wolt.com/cs/cze/prague/venue/albert-vinohradska/emma-liskova-jadra-blansirovana-itemid-64ca0b7cba162577de488cc1",
      "image_url": "https://imageproxy.wolt.com/menu/menu-images/63ad795db242366d1f818f36/4dbe0890-d995-11ef-8b6e-5ae73c4a777b_26481807.jpg",
      "categories": [
        "OVOCE A ZELENINA",
        "SUCHÉ PLODY"
      ],
      "prices": [
        {
          "store_name": "Albert",
          "price": 54.9,
          "original_price": null,
          "unit_price": 549.0,
          "unit": "Kg",
          "package_size": "100 g",
          "condition": null
        }
      ],
      "description": null
    },
    {
      "name": "Maggi Tekuté koření",
      "brand": "Maggi",
      "product_url": "https://wolt.com/cs/cze/prague/venue/albert-vinohradska/maggi-tekute-koreni-itemid-64ca0b7cba162577de488ab1",
      "image_url": "https://imageproxy.wolt.com/menu/menu-images/64ffec4406cca0140dfab831/4d5d0a42-8ead-11ee-a6b3-56164190c6db_20733964.jpg",
      "categories": [
        "TRVANLIVÉ",
        "KOŘENÍ A OCHUCOVADLA"
      ],
      "prices": [
        {
          "store_name": "Albert",
          "price": 31.9,
          "original_price": null,
          "unit_price": 199.38,
          "unit": "l",
          "package_size": "160 ml",
          "condition": null
        }
      ],
      "description": null
    },
    {
      "name": "Heineken světlý ležák",
      "brand": "Heineken",
      "product_url": "https://wolt.com/cs/cze/prague/venue/albert-vinohradska/heineken-svetly-lezak-itemid-64ca0b7cba162577de4894b4",
      "image_url": "https://imageproxy.wolt.com/menu/menu-images/64ffec4406cca0140dfab831/c397b36a-8ebc-11ee-a9df-c60fee242f1d_26866970.jpg",
      "categories": [
        "NÁPOJE",
        "PIVA"
      ],
      "prices": [
        {
          "store_name": "Albert",
          "price": 29.9,
          "original_price": null,
          "unit_price": 59.8,
          "unit": "l",
          "package_size": "500 ml, 5% alc",
          "condition": "18+"
        }
      ],
      "description": null
    },
    {
      "name": "Olma Bio Jogurt bílý",
      "brand": "Olma",
      "product_url": "https://wolt.com/cs/cze/prague/venue/albert-vinohradska/olma-bio-jogurt-bily-itemid-64ca0b7cba162577de4895ff",
      "image_url": "https://imageproxy.wolt.com/menu/menu-images/64ffec4406cca0140dfab831/38f78586-8eae-11ee-af62-8ad395db8b90_22040190.jpg",
      "categories": [
        "MLÉČNÉ A CHLAZENÉ",
        "JOGURTY A DEZERTY"
      ],
      "prices": [
        {
          "store_name": "Albert",
          "price": 17.9,
          "original_price": null,
          "unit_price": 119.33,
          "unit": "Kg",
          "package_size": "150 g",
          "condition": null
        }
      ],
      "description": null
    },
    {
      "name": "Carte d'Or Vanilla",
      "brand": "Carte",
      "product_url": "https://wolt.com/cs/cze/prague/venue/albert-vinohradska/carte-d-or-vanilla-itemid-6876153a0c6218e9f3e5f40b",
      "image_url": "https://imageproxy.wolt.com/menu/menu-images/64b62ec5e5ab70cdc92e30f0/aaf28c66-782d-11f0-a266-465879c892dc_24092869.jpg",
      "categories": [
        "MRAŽENÉ POTRAVINY",
        "ZMRZLINA A NANUKY"
      ],
      "prices": [
        {
          "store_name": "Albert",
          "price": 99.9,
          "original_price": null,
          "unit_price": 99.9,
          "unit": "l",
          "package_size": "1 l",
          "condition": null
        }
      ],
      "description": null
    },
    {
      "name": "Albert Klobása pikantní",
      "brand": "Albert",
      "product_url": "https://wolt.com/cs/cze/prague/venue/albert-vinohradska/albert-klobasa-pikantni-itemid-64ca0b7cba162577de48964d",
      "image_url": "https://imageproxy.wolt.com/menu/menu-images/64ffec4406cca0140dfab831/2a40c6ae-8eb5-11ee-bc48-8e50ebf9f3ec_25516272.jpg",
      "categories": [
        "UZENINY A LAHŮDKY",
        "PÁRKY A KLOBÁSY"
      ],
      "prices": [
        {
          "store_name": "Albert",
          "price": 109.9,
          "original_price": null,
          "unit_price": 274.75,
          "unit": "Kg",
          "package_size": "400 g",
          "condition": null
        }
      ],
      "description": null
    },
    {
      "name": "Giana Cizrna ve slaném nálevu",
      "brand": "Giana",
      "product_url": "https://wolt.com/cs/cze/prague/venue/albert-vinohradska/giana-cizrna-ve-slanem-nalevu-itemid-64ca0b7cba162577de4885eb",
      "image_url": "https://imageproxy.wolt.com/menu/menu-images/63ad795db242366d1f818f36/30ab65b8-9796-11ef-83c3-da6687ff8a5a_26479934.jpg",
      "categories": [
        "TRVANLIVÉ",
        "KONZERVOVANÉ POTR."
      ],
      "prices": [
        {
          "store_name": "Albert",
          "price": 19.9,
          "original_price": null,
          "unit_price": 82.92,
          "unit": "Kg",
          "package_size": "240 g",
          "condition": null
        }
      ],
      "description": null
    },
    {
      "name": "Nature's Promise Yellow Power shot",
      "brand": "Nature's Promise",
      "product_url": "https://wolt.com/cs/cze/prague/venue/albert-vinohradska/nature-s-promise-yellow-power-shot-itemid-64ca0b7cba162577de48a6bb",
      "image_url": "https://imageproxy.wolt.com/menu/menu-images/64ffec4406cca0140dfab831/2cf0da38-8ec9-11ee-83be-aef58f05e2b1_27740699.jpg",
      "categories": [
        "NÁPOJE",
        "DŽUSY A NEKTARY"
      ],
      "prices": [
        {
          "store_name": "Albert",
          "price": 32.9,
          "original_price": null,
          "unit_price": 263.2,
          "unit": "l",
          "package_size": "125 ml",
          "condition": null
        }
      ],
      "description": null
    },
    {
      "name": "Adriana Excellent Řezance",
      "brand": "Adriana",
      "product_url": "https://wolt.com/cs/cze/prague/venue/albert-vinohradska/adriana-excellent-rezance-itemid-657233256818b938df947bf6",
      "image_url": "https://imageproxy.wolt.com/menu/menu-images/64ffec4406cca0140dfab831/f1c391a0-8ead-11ee-afce-f2a93e51b7a9_21460135.jpg",
      "categories": [
        "TRVANLIVÉ",
        "TĚSTOVINY A KUSKUS"
      ],
      "prices": [
        {
          "store_name": "Albert",
          "price": 49.9,
          "original_price": null,
          "unit_price": 99.8,
          "unit": "Kg",
          "package_size": "500 g",
          "condition": null
        }
      ],
      "description": null
    },
    {
      "name": "Riscossa Capellini těstoviny semolinové",
      "brand": "Riscossa",
      "product_url": "https://wolt.com/cs/cze/prague/venue/albert-vinohradska/riscossa-capellini-testoviny-semolinove-itemid-6601e084a662c7cb270af569",
      "image_url": "https://imageproxy.wolt.com/menu/menu-images/6601c613e48d1c8d95333085/5acc2db0-eae3-11ee-b753-c2919b5ee551_26786513.jpg",
      "categories": [
        "TRVANLIVÉ",
        "TĚSTOVINY A KUSKUS"
      ],
      "prices": [
        {
          "store_name": "Albert",
          "price": 34.9,
          "original_price": null,
          "unit_price": 67.12,
          "unit": "Kg",
          "package_size": "520 g",
          "condition": null
        }
      ],
      "description": null
    },
    {
      "name": "Iva rostlinný tuk 100%",
      "brand": "Iva",
      "product_url": "https://wolt.com/cs/cze/prague/venue/albert-vinohradska/iva-rostlinny-tuk-100-itemid-657233256818b938df9485af",
      "image_url": "https://imageproxy.wolt.com/menu/menu-images/64ffec4406cca0140dfab831/ff7ee132-8eb2-11ee-aa26-76d18bdc0849_24939430.jpg",
      "categories": [
        "MLÉČNÉ A CHLAZENÉ",
        "MÁSLO A TUKY"
      ],
      "prices": [
        {
          "store_name": "Albert",
          "price": 45.9,
          "original_price": null,
          "unit_price": 229.5,
          "unit": "Kg",
          "package_size": "200 g",
          "condition": null
        }
      ],
      "description": null
    },
    {
      "name": "Albert Duetky se švestkovou náplní",
      "brand": "Albert",
      "product_url": "https://wolt.com/cs/cze/prague/venue/albert-vinohradska/albert-duetky-se-svestkovou-naplni-itemid-64ca0b7cba162577de489137",
      "image_url": "https://imageproxy.wolt.com/menu/menu-images/64ffec4406cca0140dfab831/1952d384-8eb3-11ee-852a-4ac825cfc539_24955508.jpg",
      "categories": [
        "PEKÁRNA A CUKRÁRNA",
        "SLADKÉ PEČIVO BALENÉ"
      ],
      "prices": [
        {
          "store_name": "Albert",
          "price": null,
          "original_price": null,
          "unit_price": 135.91,
          "unit": "Kg",
          "package_size": "220 g",
          "condition": "Sleva"
        }
      ],
      "description": null
    },
    {
      "name": "Müller Mix Choco Waffles jogurt slazený",
      "brand": "Müller",
      "product_url": "https://wolt.com/cs/cze/prague/venue/albert-vinohradska/muller-mix-choco-waffles-jogurt-slazeny-itemid-64ca0b7cba162577de488347",
      "image_url": "https://imageproxy.wolt.com/menu/menu-images/63ad795db242366d1f818f36/628cf772-8e26-11f0-ae86-da8e54f0fe20_25222401.jpg",
      "categories": [
        "MLÉČNÉ A CHLAZENÉ",
        "JOGURTY A DEZERTY"
      ],
      "prices": [
        {
          "store_name": "Albert",
          "price": 22.9,
          "original_price": null,
          "unit_price": 176.15,
          "unit": "Kg",
          "package_size": "130 g",
          "condition": null
        }
      ],
      "description": null
    },
    {
      "name": "Nature's Promise Bio Hovězí zadní bez kosti",
      "brand": "Nature's Promise",
      "product_url": "https://wolt.com/cs/cze/prague/venue/albert-vinohradska/nature-s-promise-bio-hovezi-zadni-bez-kosti-itemid-6601eaf4fe1b01cffb9684cb",
      "image_url": "https://imageproxy.wolt.com/menu/menu-images/63ad795db242366d1f818f36/b82fd656-ed43-11ef-a9e1-a2633eab7c0e_21817410.jpg",
      "categories": [
        "MASO A RYBY",
        "HOVĚZÍ A TELECÍ"
      ],
      "prices": [
        {
          "store_name": "Albert",
          "price": 162.97,
          "original_price": null,
          "unit_price": null,
          "unit": null,
          "package_size": null,
          "condition": "Vyprodáno"
        }
      ],
      "description": null
    },
    {
      "name": "Fresh Bistro Polévka exotická s kuřecím masem",
      "brand": "Fresh Bistro",
      "product_url": "https://wolt.com/cs/cze/prague/venue/albert-vinohradska/fresh-bistro-polevka-exoticka-s-kurecim-masem-itemid-64ca0b7cba162577de488a4b",
      "image_url": "https://imageproxy.wolt.com/menu/menu-images/64ffec4406cca0140dfab831/5217a9b0-8ec2-11ee-b3ae-5e8cfe3fa30b_27294420.jpg",
      "categories": [
        "UZENINY A LAHŮDKY",
        "HOTOVKY A PŘÍLOHY"
      ],
      "prices": [
        {
          "store_name": "Albert",
          "price": 59.9,
          "original_price": null,
          "unit_price": 171.14,
          "unit": "Kg",
          "package_size": "350 g",
          "condition": null
        }
      ],
      "description": null
    },
    {
      "name": "Emco Mysli na zdraví Křupavé čokoláda a ořechy",
      "brand": "Emco",
      "product_url": "https://wolt.com/cs/cze/prague/venue/albert-vinohradska/emco-mysli-na-zdravi-krupave-cokolada-a-orechy-itemid-64ca0b7cba162577de488495",
      "image_url": "https://imageproxy.wolt.com/menu/menu-images/63ad795db242366d1f818f36/eef5a112-7825-11f0-bfff-4ea7ecf79006_23151789.jpg",
      "categories": [
        "TRVANLIVÉ",
        "MÜSLI A CEREÁLIE"
      ],
      "prices": [
        {
          "store_name": "Albert",
          "price": 125.9,
          "original_price": null,
          "unit_price": 167.87,
          "unit": "Kg",
          "package_size": "750 g",
          "condition": null
        }
      ],
      "description": null
    },
    {
      "name": "Kofola",
      "brand": "Kofola",
      "product_url": "https://wolt.com/cs/cze/prague/venue/albert-vinohradska/kofola-itemid-657233256818b938df948a76",
      "image_url": "https://imageproxy.wolt.com/menu/menu-images/63ad795db242366d1f818f36/c7559fbc-5efa-11ef-b165-6a6052284313_23739871.jpg",
      "categories": [
        "NÁPOJE",
        "LIMONÁDY"
      ],
      "prices": [
        {
          "store_name": "Albert",
          "price": 29.9,
          "original_price": null,
          "unit_price": 29.9,
          "unit": "l",
          "package_size": "1 l",
          "condition": null
        }
      ],
      "description": null
    },
    {
      "name": "Linteo Papírové kapesníky 2vrstvé",
      "brand": "Linteo",
      "product_url": "https://wolt.com/cs/cze/prague/venue/albert-vinohradska/linteo-papirove-kapesniky-2vrstve-itemid-64ca0b7cba162577de4896d6",
      "image_url": "https://imageproxy.wolt.com/menu/menu-images/64ffec4406cca0140dfab831/23ed17da-8ebf-11ee-b4f3-a6b73cfda2ad_27093535.jpg",
      "categories": [
        "DROGERIE A KOSMETIKA",
        "PAPÍROVÁ HYGIENA"
      ],
      "prices": [
        {
          "store_name": "Albert",
          "price": 46.9,
          "original_price": null,
          "unit_price": 0.47,
          "unit": "ks",
          "package_size": "‪100‬ kusů",
          "condition": null
        }
      ],
      "description": null
    },
    {
      "name": "Nivea Lemongrass & Oil osvěžující sprchový gel",
      "brand": "Nivea",
      "product_url": "https://wolt.com/cs/cze/prague/venue/albert-vinohradska/nivea-lemongrass-oil-osvezujici-sprchovy-gel-itemid-64ca0b7cba162577de488da3",
      "image_url": "https://imageproxy.wolt.com/menu/menu-images/64ffec4406cca0140dfab831/9bfd933e-8eb1-11ee-9b9c-eadf6ce36c9d_24428583.jpg",
      "categories": [
        "DROGERIE A KOSMETIKA",
        "MÝDLA A GELY"
      ],
      "prices": [
        {
          "store_name": "Albert",
          "price": 74.9,
          "original_price": null,
          "unit_price": 299.6,
          "unit": "l",
          "package_size": "250 ml",
          "condition": null
        }
      ],
      "description": null
    },
    {
      "name": "Franz Josef Olivový olej extra panenský",
      "brand": "Franz",
      "product_url": "https://wolt.com/cs/cze/prague/venue/albert-vinohradska/franz-josef-olivovy-olej-extra-panensky-itemid-64ca0b7cba162577de488211",
      "image_url": "https://imageproxy.wolt.com/menu/menu-images/64ffec4406cca0140dfab831/c9aa67bc-8eb1-11ee-83ea-ca3c3355ab39_24542234.jpg",
      "categories": [
        "TRVANLIVÉ",
        "OLEJE A OCTY"
      ],
      "prices": [
        {
          "store_name": "Albert",
          "price": 139.9,
          "original_price": null,
          "unit_price": 279.8,
          "unit": "l",
          "package_size": "500 ml",
          "condition": null
        }
      ],
      "description": null
    },
    {
      "name": "Zlatopramen Radler s příchutí tmavý citrón",
      "brand": "Zlatopramen",
      "product_url": "https://wolt.com/cs/cze/prague/venue/albert-vinohradska/zlatopramen-radler-s-prichuti-tmavy-citron-itemid-651c859995f6f04496e16398",
      "image_url": "https://imageproxy.wolt.com/menu/menu-images/64ffec4406cca0140dfab831/33bb5d20-8ec9-11ee-9143-8aa138b0fb4c_27741498.jpg",
      "categories": [
        "NÁPOJE",
        "PIVA"
      ],
      "prices": [
        {
          "store_name": "Albert",
          "price": 23.9,
          "original_price": null,
          "unit_price": 47.8,
          "unit": "l",
          "package_size": "500 ml",
          "condition": null
        }
      ],
      "description": null
    },
    {
      "name": "TropiCane Třtinový cukr",
      "brand": "TropiCane",
      "product_url": "https://wolt.com/cs/cze/prague/venue/albert-vinohradska/tropicane-trtinovy-cukr-itemid-6601e3862a1c740167311ddd",
      "image_url": "https://imageproxy.wolt.com/menu/menu-images/6601c613e48d1c8d95333085/c37fa91c-eae4-11ee-846d-c2919b5ee551_27684047.jpg",
      "categories": [
        "TRVANLIVÉ",
        "PEČENÍ A VAŘENÍ"
      ],
      "prices": [
        {
          "store_name": "Albert",
          "price": 64.9,
          "original_price": null,
          "unit_price": 64.9,
          "unit": "Kg",
          "package_size": "1 kg",
          "condition": "Vyprodáno"
        }
      ],
      "description": null
    },
    {
      "name": "Arizona Zelený čaj s medem",
      "brand": "Arizona",
      "product_url": "https://wolt.com/cs/cze/prague/venue/albert-vinohradska/arizona-zeleny-caj-s-medem-itemid-657233256818b938df94855e",
      "image_url": "https://imageproxy.wolt.com/menu/menu-images/64ffec4406cca0140dfab831/82a64d00-8ebf-11ee-a9bd-963b628c98c7_27122754.jpg",
      "categories": [
        "NÁPOJE",
        "LIMONÁDY"
      ],
      "prices": [
        {
          "store_name": "Albert",
          "price": 39.9,
          "original_price": null,
          "unit_price": 88.67,
          "unit": "l",
          "package_size": "450 ml",
          "condition": null
        }
      ],
      "description": null
    },
    {
      "name": "Country Life Lahůdkové droždí",
      "brand": "Country",
      "product_url": "https://wolt.com/cs/cze/prague/venue/albert-vinohradska/country-life-lahudkove-drozdi-itemid-64ca0b7cba162577de488a05",
      "image_url": "https://imageproxy.wolt.com/menu/menu-images/64ffec4406cca0140dfab831/1de1f9b2-8ebc-11ee-a41d-b29f7f1f7f8d_26820453.jpg",
      "categories": [
        "TRVANLIVÉ",
        "PEČENÍ A VAŘENÍ"
      ],
      "prices": [
        {
          "store_name": "Albert",
          "price": null,
          "original_price": null,
          "unit_price": 332.67,
          "unit": "Kg",
          "package_size": "150 g",
          "condition": "Sleva"
        }
      ],
      "description": null
    },
    {
      "name": "TePe Angle Mezizubní kartáček 0,4 mm",
      "brand": "TePe",
      "product_url": "https://wolt.com/cs/cze/prague/venue/albert-vinohradska/tepe-angle-mezizubni-kartacek-0-4-mm-itemid-64ca0b7cba162577de488e23",
      "image_url": "https://imageproxy.wolt.com/menu/menu-images/64ffec4406cca0140dfab831/533a6c22-8eba-11ee-bd4d-faf7ab9749a2_26609072.jpg",
      "categories": [
        "DROGERIE A KOSMETIKA",
        "ÚSTNÍ HYGIENA"
      ],
      "prices": [
        {
          "store_name": "Albert",
          "price": 139.9,
          "original_price": null,
          "unit_price": 23.32,
          "unit": "ks",
          "package_size": "‪6‬ kusů",
          "condition": null
        }
      ],
      "description": null
    },
    {
      "name": "Česká chuť Eidam 30% strouhaný",
      "brand": "Česká chuť",
      "product_url": "https://wolt.com/cs/cze/prague/venue/albert-vinohradska/ceska-chut-eidam-30-strouhany-itemid-64ca0b7cba162577de48851b",
      "image_url": "https://imageproxy.wolt.com/menu/menu-images/64ffec4406cca0140dfab831/397acef4-8ebe-11ee-afc2-c60fee242f1d_27005521.jpg",
      "categories": [
        "MLÉČNÉ A CHLAZENÉ",
        "SÝRY"
      ],
      "prices": [
        {
          "store_name": "Albert",
          "price": 54.9,
          "original_price": null,
          "unit_price": 274.5,
          "unit": "Kg",
          "package_size": "200 g",
          "condition": null
        }
      ],
      "description": null
    },
    {
      "name": "Hellmann's Tatarská omáčka",
      "brand": "Hellmann's",
      "product_url": "https://wolt.com/cs/cze/prague/venue/albert-vinohradska/hellmann-s-tatarska-omacka-itemid-64ca0b7cba162577de48a679",
      "image_url": "https://imageproxy.wolt.com/menu/menu-images/64ffec4406cca0140dfab831/9a64cdfe-8ec9-11ee-b631-ce68e196a335_27750247.jpg",
      "categories": [
        "MLÉČNÉ A CHLAZENÉ",
        "MAJONÉZY A TATARKY"
      ],
      "prices": [
        {
          "store_name": "Albert",
          "price": 109.9,
          "original_price": null,
          "unit_price": 218.92,
          "unit": "Kg",
          "package_size": "502 g",
          "condition": null
        }
      ],
      "description": null
    },
    {
      "name": "Hello Imuno červená řepa",
      "brand": "Hello",
      "product_url": "https://wolt.com/cs/cze/prague/venue/albert-vinohradska/hello-imuno-cervena-repa-itemid-657233256818b938df947c90",
      "image_url": "https://imageproxy.wolt.com/menu/menu-images/64ffec4406cca0140dfab831/a9a9311c-8ec7-11ee-9206-52a4ddf1765f_27669730.jpg",
      "categories": [
        "NÁPOJE",
        "DŽUSY A NEKTARY"
      ],
      "prices": [
        {
          "store_name": "Albert",
          "price": 36.9,
          "original_price": null,
          "unit_price": 36.9,
          "unit": "l",
          "package_size": "1 l",
          "condition": null
        }
      ],
      "description": null
    },
    {
      "name": "Česká chuť Vysočina",
      "brand": "Česká chuť",
      "product_url": "https://wolt.com/cs/cze/prague/venue/albert-vinohradska/ceska-chut-vysocina-itemid-64ca0b7cba162577de489506",
      "image_url": "https://imageproxy.wolt.com/menu/menu-images/64ffec4406cca0140dfab831/1eacb608-8ec5-11ee-a9ed-f20dec45ea3c_27520901.jpg",
      "categories": [
        "UZENINY A LAHŮDKY",
        "SALÁMY"
      ],
      "prices": [
        {
          "store_name": "Albert",
          "price": 159.0,
          "original_price": null,
          "unit_price": 227.14,
          "unit": "Kg",
          "package_size": "700 g",
          "condition": null
        }
      ],
      "description": null
    },
    {
      "name": "Avanti Rosé",
      "brand": "Avanti",
      "product_url": "https://wolt.com/cs/cze/prague/venue/albert-vinohradska/avanti-rose-itemid-657233256818b938df948634",
      "image_url": "https://imageproxy.wolt.com/menu/menu-images/64ffec4406cca0140dfab831/2d192c52-8ead-11ee-b83f-fe16b6783abc_20682613.jpg",
      "categories": [
        "NÁPOJE",
        "VÍNA"
      ],
      "prices": [
        {
          "store_name": "Albert",
          "price": 79.9,
          "original_price": null,
          "unit_price": 106.53,
          "unit": "l",
          "package_size": "750 ml, 8% alc",
          "condition": "18+"
        }
      ],
      "description": null
    },
    {
      "name": "Sunar Complex 4 batolecí mléko",
      "brand": "Sunar",
      "product_url": "https://wolt.com/cs/cze/prague/venue/albert-vinohradska/sunar-complex-4-batoleci-mleko-itemid-64ca0b7cba162577de488f19",
      "image_url": "https://imageproxy.wolt.com/menu/menu-images/63ad795db242366d1f818f36/7c234b48-765b-11ef-9047-221ea37c1487_24822220.jpg",
      "categories": [
        "DÍTĚ",
        "VÝŽIVA"
      ],
      "prices": [
        {
          "store_name": "Albert",
          "price": 229.0,
          "original_price": null,
          "unit_price": 381.67,
          "unit": "Kg",
          "package_size": "600 g",
          "condition": null
        }
      ],
      "description": null
    },
    {
      "name": "Nestlé Cini minis cereálie",
      "brand": "Nestlé",
      "product_url": "https://wolt.com/cs/cze/prague/venue/albert-vinohradska/nestle-cini-minis-cerealie-itemid-651c86a81e498d6e7d7bb223",
      "image_url": "https://imageproxy.wolt.com/menu/menu-images/63ad795db242366d1f818f36/8be8d76e-5efa-11ef-a328-ea9e624525eb_27725962.jpg",
      "categories": [
        "TRVANLIVÉ",
        "MÜSLI A CEREÁLIE"
      ],
      "prices": [
        {
          "store_name": "Albert",
          "price": null,
          "original_price": null,
          "unit_price": 213.07,
          "unit": "Kg",
          "package_size": "375 g",
          "condition": "Sleva"
        }
      ],
      "description": null
    },
    {
      "name": "Hollandia Bio Jogurt selský bílý",
      "brand": "Hollandia",
      "product_url": "https://wolt.com/cs/cze/prague/venue/albert-vinohradska/hollandia-bio-jogurt-selsky-bily-itemid-657233256818b938df94785f",
      "image_url": "https://imageproxy.wolt.com/menu/menu-images/63ad795db242366d1f818f36/11aedb88-7826-11f0-bc08-ba80eada4c41_25222395.jpg",
      "categories": [
        "MLÉČNÉ A CHLAZENÉ",
        "JOGURTY A DEZERTY"
      ],
      "prices": [
        {
          "store_name": "Albert",
          "price": null,
          "original_price": null,
          "unit_price": 99.44,
          "unit": "Kg",
          "package_size": "180 g",
          "condition": "Sleva"
        }
      ],
      "description": null
    },
    {
      "name": "Dodoni Feta vakuovaná",
      "brand": "Dodoni",
      "product_url": "https://wolt.com/cs/cze/prague/venue/albert-vinohradska/dodoni-feta-vakuovana-itemid-64ca0b7cba162577de4897a8",
      "image_url": "https://imageproxy.wolt.com/menu/menu-images/64ffec4406cca0140dfab831/9e24c62c-8eb7-11ee-bcf1-865f2970631c_25967654.jpg",
      "categories": [
        "MLÉČNÉ A CHLAZENÉ",
        "SÝRY"
      ],
      "prices": [
        {
          "store_name": "Albert",
          "price": 139.9,
          "original_price": null,
          "unit_price": 777.22,
          "unit": "Kg",
          "package_size": "180 g",
          "condition": null
        }
      ],
      "description": null
    },
    {
      "name": "Dr. Oetker Muffiny s čokoládovými kousky",
      "brand": "Dr. Oetker",
      "product_url": "https://wolt.com/cs/cze/prague/venue/albert-vinohradska/dr-oetker-muffiny-s-cokoladovymi-kousky-itemid-64ca0b7cba162577de489d8d",
      "image_url": "https://imageproxy.wolt.com/menu/menu-images/63ad795db242366d1f818f36/fad11882-a8e9-11f0-8b9c-b63c53e8f125_23840461.jpg",
      "categories": [
        "TRVANLIVÉ",
        "PEČENÍ A VAŘENÍ"
      ],
      "prices": [
        {
          "store_name": "Albert",
          "price": 79.9,
          "original_price": null,
          "unit_price": 307.31,
          "unit": "Kg",
          "package_size": "260 g",
          "condition": null
        }
      ],
      "description": null
    },
    {
      "name": "Albert Mléko kefírové",
      "brand": "Albert",
      "product_url": "https://wolt.com/cs/cze/prague/venue/albert-vinohradska/albert-mleko-kefirove-itemid-64ca0b7cba162577de4884cd",
      "image_url": "https://imageproxy.wolt.com/menu/menu-images/64ffec4406cca0140dfab831/30471f42-8ec1-11ee-915b-1601976705be_27220702.jpg",
      "categories": [
        "MLÉČNÉ A CHLAZENÉ",
        "MLÉČNÉ NÁPOJE"
      ],
      "prices": [
        {
          "store_name": "Albert",
          "price": 29.9,
          "original_price": null,
          "unit_price": 31.47,
          "unit": "Kg",
          "package_size": "950 g",
          "condition": null
        }
      ],
      "description": null
    },
    {
      "name": "Dr. Oetker Barva gelová potravinářská modrá",
      "brand": "Dr. Oetker",
      "product_url": "https://wolt.com/cs/cze/prague/venue/albert-vinohradska/dr-oetker-barva-gelova-potravinarska-modra-itemid-64ca0b7cba162577de489f79",
      "image_url": "https://imageproxy.wolt.com/menu/menu-images/63ad795db242366d1f818f36/10646d16-a8ea-11f0-ac43-82a979777a7f_26342092.jpg",
      "categories": [
        "TRVANLIVÉ",
        "PEČENÍ A VAŘENÍ"
      ],
      "prices": [
        {
          "store_name": "Albert",
          "price": 51.9,
          "original_price": null,
          "unit_price": 5190.0,
          "unit": "Kg",
          "package_size": "10 g",
          "condition": null
        }
      ],
      "description": null
    },
    {
      "name": "Super Sandwich celozrnný, krájený",
      "brand": "Super",
      "product_url": "https://wolt.com/cs/cze/prague/venue/albert-vinohradska/super-sandwich-celozrnny-krajeny-itemid-657233256818b938df947874",
      "image_url": "https://imageproxy.wolt.com/menu/menu-images/64ffec4406cca0140dfab831/63a78e7e-8ec8-11ee-932e-5a01586eeed4_27718612.jpg",
      "categories": [
        "PEKÁRNA A CUKRÁRNA",
        "CHLÉB BALENÝ"
      ],
      "prices": [
        {
          "store_name": "Albert",
          "price": 36.9,
          "original_price": null,
          "unit_price": 98.4,
          "unit": "Kg",
          "package_size": "375 g",
          "condition": null
        }
      ],
      "description": null
    },
    {
      "name": "Kasteel Rouge",
      "brand": "Kasteel",
      "product_url": "https://wolt.com/cs/cze/prague/venue/albert-vinohradska/kasteel-rouge-itemid-657233256818b938df948b81",
      "image_url": "https://imageproxy.wolt.com/menu/menu-images/64ffec4406cca0140dfab831/9055a854-8ec1-11ee-a44e-a6924885d1bf_27254585.jpg",
      "categories": [
        "NÁPOJE",
        "PIVA"
      ],
      "prices": [
        {
          "store_name": "Albert",
          "price": 74.9,
          "original_price": null,
          "unit_price": 226.97,
          "unit": "l",
          "package_size": "330 ml, 8% alc",
          "condition": "18+"
        }
      ],
      "description": null
    },
    {
      "name": "Pilsner Urquell světlý ležák",
      "brand": "Pilsner Urquell",
      "product_url": "https://wolt.com/cs/cze/prague/venue/albert-vinohradska/pilsner-urquell-svetly-lezak-itemid-64ca0b7cba162577de488125",
      "image_url": "https://imageproxy.wolt.com/menu/menu-images/63ad795db242366d1f818f36/9b9c9aa0-bbe4-11ef-ab23-8285c251cdf3_22435842.jpg",
      "categories": [
        "NÁPOJE",
        "PIVA"
      ],
      "prices": [
        {
          "store_name": "Albert",
          "price": 38.5,
          "original_price": null,
          "unit_price": 77.0,
          "unit": "l",
          "package_size": "500 ml, 4,4% alc",
          "condition": "18+"
        }
      ],
      "description": null
    },
    {
      "name": "TTD Cukr krupice bílý",
      "brand": "TTD",
      "product_url": "https://wolt.com/cs/cze/prague/venue/albert-vinohradska/ttd-cukr-krupice-bily-itemid-64ca0b7cba162577de4880ed",
      "image_url": "https://imageproxy.wolt.com/menu/menu-images/63ad795db242366d1f818f36/05fc613e-7826-11f0-9718-16f6584dc184_24251020.jpg",
      "categories": [
        "TRVANLIVÉ",
        "PEČENÍ A VAŘENÍ"
      ],
      "prices": [
        {
          "store_name": "Albert",
          "price": 19.9,
          "original_price": null,
          "unit_price": 19.9,
          "unit": "Kg",
          "package_size": "1 kg",
          "condition": null
        }
      ],
      "description": null
    },
    {
      "name": "Albert Salát Rodinný mix",
      "brand": "Albert",
      "product_url": "https://wolt.com/cs/cze/prague/venue/albert-vinohradska/albert-salat-rodinny-mix-itemid-64ca0b7cba162577de4881fd",
      "image_url": "https://imageproxy.wolt.com/menu/menu-images/64ffec4406cca0140dfab831/2d650ece-8eb7-11ee-836e-aa70cbf91f77_25897142.jpg",
      "categories": [
        "OVOCE A ZELENINA",
        "ZELENINA"
      ],
      "prices": [
        {
          "store_name": "Albert",
          "price": 59.9,
          "original_price": null,
          "unit_price": 119.8,
          "unit": "Kg",
          "package_size": "500 g",
          "condition": null
        }
      ],
      "description": null
    },
    {
      "name": "Laura Collini Tuhé mýdlo aloe vera",
      "brand": "Laura",
      "product_url": "https://wolt.com/cs/cze/prague/venue/albert-vinohradska/laura-collini-tuhe-mydlo-aloe-vera-itemid-6601eb379c699670bed07cac",
      "image_url": "https://imageproxy.wolt.com/menu/menu-images/6601c613e48d1c8d95333085/071e3a8a-eae5-11ee-a837-767946bf8e19_27756348.jpg",
      "categories": [
        "DROGERIE A KOSMETIKA",
        "MÝDLA A GELY"
      ],
      "prices": [
        {
          "store_name": "Albert",
          "price": 11.9,
          "original_price": null,
          "unit_price": 132.22,
          "unit": "Kg",
          "package_size": "90 g",
          "condition": null
        }
      ],
      "description": null
    },
    {
      "name": "Robby Bubble Jahoda",
      "brand": "Robby",
      "product_url": "https://wolt.com/cs/cze/prague/venue/albert-vinohradska/robby-bubble-jahoda-itemid-64ca0b7cba162577de4898fc",
      "image_url": "https://imageproxy.wolt.com/menu/menu-images/64ffec4406cca0140dfab831/d910d34e-8eac-11ee-9626-0ad9bf6baf5b_20331832.jpg",
      "categories": [
        "NÁPOJE",
        "DŽUSY A NEKTARY"
      ],
      "prices": [
        {
          "store_name": "Albert",
          "price": 84.9,
          "original_price": null,
          "unit_price": 113.2,
          "unit": "l",
          "package_size": "750 ml",
          "condition": null
        }
      ],
      "description": null
    },
    {
      "name": "Austria Mozart Kugeln pralinky",
      "brand": "Austria",
      "product_url": "https://wolt.com/cs/cze/prague/venue/albert-vinohradska/austria-mozart-kugeln-pralinky-itemid-657233256818b938df9480e7",
      "image_url": "https://imageproxy.wolt.com/menu/menu-images/64ffec4406cca0140dfab831/a793ac94-8eb9-11ee-b066-224a9e8cb6c6_26470825.jpg",
      "categories": [
        "TRVANLIVÉ",
        "SLADKOSTI"
      ],
      "prices": [
        {
          "store_name": "Albert",
          "price": 79.9,
          "original_price": null,
          "unit_price": 605.3,
          "unit": "Kg",
          "package_size": "132 g",
          "condition": null
        }
      ],
      "description": null
    },
    {
      "name": "Albert Masové kuličky s rajčatovou omáčkou",
      "brand": "Albert",
      "product_url": "https://wolt.com/cs/cze/prague/venue/albert-vinohradska/albert-masove-kulicky-s-rajcatovou-omackou-itemid-681b5abffcbd67bf7a8f4a6c",
      "image_url": "https://imageproxy.wolt.com/menu/menu-images/63ad795db242366d1f818f36/ba5a0f22-2b47-11f0-b266-e66f4648c6a0_27963883.jpg",
      "categories": [
        "UZENINY A LAHŮDKY",
        "HOTOVKY A PŘÍLOHY"
      ],
      "prices": [
        {
          "store_name": "Albert",
          "price": 99.9,
          "original_price": null,
          "unit_price": 249.75,
          "unit": "Kg",
          "package_size": "400 g",
          "condition": null
        }
      ],
      "description": null
    },
    {
      "name": "Albert 100% Šťáva jablko a řepa",
      "brand": "Albert",
      "product_url": "https://wolt.com/cs/cze/prague/venue/albert-vinohradska/albert-100-stava-jablko-a-repa-itemid-64ca0b7cba162577de48976f",
      "image_url": "https://imageproxy.wolt.com/menu/menu-images/63ad795db242366d1f818f36/5fbcff16-0609-11ef-815d-46862d9835e8_27193969.jpg",
      "categories": [
        "NÁPOJE",
        "DŽUSY A NEKTARY"
      ],
      "prices": [
        {
          "store_name": "Albert",
          "price": null,
          "original_price": null,
          "unit_price": 139.5,
          "unit": "l",
          "package_size": "200 ml",
          "condition": "Sleva"
        }
      ],
      "description": null
    },
    {
      "name": "Templářské sklepy André Rosé",
      "brand": "Templářské",
      "product_url": "https://wolt.com/cs/cze/prague/venue/albert-vinohradska/templarske-sklepy-andre-rose-itemid-657233256818b938df947ab9",
      "image_url": "https://imageproxy.wolt.com/menu/menu-images/64ffec4406cca0140dfab831/d4a4e78c-8eb6-11ee-b81c-1627932f216d_25848540.jpg",
      "categories": [
        "NÁPOJE",
        "VÍNA"
      ],
      "prices": [
        {
          "store_name": "Albert",
          "price": 79.9,
          "original_price": null,
          "unit_price": 106.53,
          "unit": "l",
          "package_size": "750 ml, 11% alc",
          "condition": "18+"
        }
      ],
      "description": null
    },
    {
      "name": "Emma Lněná semínka celá",
      "brand": "Emma",
      "product_url": "https://wolt.com/cs/cze/prague/venue/albert-vinohradska/emma-lnena-seminka-cela-itemid-64ca0b7cba162577de488973",
      "image_url": "https://imageproxy.wolt.com/menu/menu-images/63ad795db242366d1f818f36/c655c7c2-ed43-11ef-92c4-46a20cae12e9_23712225.jpg",
      "categories": [
        "OVOCE A ZELENINA",
        "SUCHÉ PLODY"
      ],
      "prices": [
        {
          "store_name": "Albert",
          "price": 9.9,
          "original_price": null,
          "unit_price": 99.0,
          "unit": "Kg",
          "package_size": "100 g",
          "condition": null
        }
      ],
      "description": null
    },
    {
      "name": "Nature's Promise Bio Špagety Bolognese",
      "brand": "Nature's Promise",
      "product_url": "https://wolt.com/cs/cze/prague/venue/albert-vinohradska/nature-s-promise-bio-spagety-bolognese-itemid-64ca0b7cba162577de489997",
      "image_url": "https://imageproxy.wolt.com/menu/menu-images/64ffec4406cca0140dfab831/d164db8a-8ec1-11ee-98a8-6e71a63f1558_27261965.jpg",
      "categories": [
        "UZENINY A LAHŮDKY",
        "HOTOVKY A PŘÍLOHY"
      ],
      "prices": [
        {
          "store_name": "Albert",
          "price": null,
          "original_price": null,
          "unit_price": 224.75,
          "unit": "Kg",
          "package_size": "400 g",
          "condition": "Sleva"
        }
      ],
      "description": null
    },
    {
      "name": "Česká chuť Pomazánka se sýrem Niva",
      "brand": "Česká chuť",
      "product_url": "https://wolt.com/cs/cze/prague/venue/albert-vinohradska/ceska-chut-pomazanka-se-syrem-niva-itemid-64ca0b7cba162577de488185",
      "image_url": "https://imageproxy.wolt.com/menu/menu-images/64ffec4406cca0140dfab831/43ea9d58-8ebc-11ee-ba94-5eb9bb96d91f_26830575.jpg",
      "categories": [
        "UZENINY A LAHŮDKY",
        "SALÁTY A POMAZÁNKY"
      ],
      "prices": [
        {
          "store_name": "Albert",
          "price": null,
          "original_price": null,
          "unit_price": 157.33,
          "unit": "Kg",
          "package_size": "150 g",
          "condition": "Sleva"
        }
      ],
      "description": null
    },
    {
      "name": "Dr. Oetker Citrónová kůra strouhaná",
      "brand": "Dr. Oetker",
      "product_url": "https://wolt.com/cs/cze/prague/venue/albert-vinohradska/dr-oetker-citronova-kura-strouhana-itemid-64ca0b7cba162577de489a17",
      "image_url": "https://imageproxy.wolt.com/menu/menu-images/63ad795db242366d1f818f36/14959b1c-a8ea-11f0-aba4-46db6968ab14_26486031.jpg",
      "categories": [
        "TRVANLIVÉ",
        "KOŘENÍ A OCHUCOVADLA"
      ],
      "prices": [
        {
          "store_name": "Albert",
          "price": 24.9,
          "original_price": null,
          "unit_price": 2075.0,
          "unit": "Kg",
          "package_size": "12 g",
          "condition": null
        }
      ],
      "description": null
    },
    {
      "name": "HealthyCo Bio kokosová voda",
      "brand": "HealthyCo",
      "product_url": "https://wolt.com/cs/cze/prague/venue/albert-vinohradska/healthyco-bio-kokosova-voda-itemid-64ca0b7cba162577de48a683",
      "image_url": "https://imageproxy.wolt.com/menu/menu-images/64ffec4406cca0140dfab831/47574162-8ec6-11ee-b56b-bed63d7a3e3f_27606551.jpg",
      "categories": [
        "NÁPOJE",
        "DŽUSY A NEKTARY"
      ],
      "prices": [
        {
          "store_name": "Albert",
          "price": null,
          "original_price": null,
          "unit_price": 89.9,
          "unit": "l",
          "package_size": "1 l",
          "condition": "Sleva"
        }
      ],
      "description": null
    },
    {
      "name": "Albert Drátěnka na teflon",
      "brand": "Albert",
      "product_url": "https://wolt.com/cs/cze/prague/venue/albert-vinohradska/albert-dratenka-na-teflon-itemid-6601ebc1dc19511b519724aa",
      "image_url": "https://imageproxy.wolt.com/menu/menu-images/63ad795db242366d1f818f36/95ef4f3c-10f7-11ef-9830-364d3059043c_27386934.jpg",
      "categories": [
        "DOMÁCNOST A ZAHRADA",
        "KUCHYŇSKÉ POTŘEBY"
      ],
      "prices": [
        {
          "store_name": "Albert",
          "price": 19.9,
          "original_price": null,
          "unit_price": 19.9,
          "unit": "ks",
          "package_size": "‪1‬ kus",
          "condition": null
        }
      ],
      "description": null
    },
    {
      "name": "Česká chuť Pomazánka tvarohová s pažitkou",
      "brand": "Česká chuť",
      "product_url": "https://wolt.com/cs/cze/prague/venue/albert-vinohradska/ceska-chut-pomazanka-tvarohova-s-pazitkou-itemid-64ca0b7cba162577de489601",
      "image_url": "https://imageproxy.wolt.com/menu/menu-images/63ad795db242366d1f818f36/5a18971e-4e4d-11ef-8eae-86da71ab153b_26830995.jpg",
      "categories": [
        "UZENINY A LAHŮDKY",
        "SALÁTY A POMAZÁNKY"
      ],
      "prices": [
        {
          "store_name": "Albert",
          "price": null,
          "original_price": null,
          "unit_price": 146.0,
          "unit": "Kg",
          "package_size": "150 g",
          "condition": "Sleva"
        }
      ],
      "description": null
    },
    {
      "name": "Královská vepřová plec bez kosti",
      "brand": "Královská",
      "product_url": "https://wolt.com/cs/cze/prague/venue/albert-vinohradska/kralovska-veprova-plec-bez-kosti-itemid-64ca0b7cba162577de488421",
      "image_url": "https://imageproxy.wolt.com/menu/menu-images/64ffec4406cca0140dfab831/974a2320-8ec5-11ee-af89-fe512f326f5c_27557228.jpg",
      "categories": [
        "MASO A RYBY",
        "VEPŘOVÉ"
      ],
      "prices": [
        {
          "store_name": "Albert",
          "price": 141.75,
          "original_price": null,
          "unit_price": null,
          "unit": null,
          "package_size": null,
          "condition": null
        }
      ],
      "description": null
    },
    {
      "name": "Primátor Tchýně",
      "brand": "Primátor",
      "product_url": "https://wolt.com/cs/cze/prague/venue/albert-vinohradska/primator-tchyne-itemid-657233256818b938df947b9f",
      "image_url": "https://imageproxy.wolt.com/menu/menu-images/63ad795db242366d1f818f36/edba4f80-7827-11f0-aff2-2ad371a9efbd_27679968.jpg",
      "categories": [
        "NÁPOJE",
        "PIVA"
      ],
      "prices": [
        {
          "store_name": "Albert",
          "price": 25.9,
          "original_price": null,
          "unit_price": 51.8,
          "unit": "l",
          "package_size": "500 ml, 4,7% alc",
          "condition": "18+"
        }
      ],
      "description": null
    },
    {
      "name": "Česká chuť Mexický salát",
      "brand": "Česká chuť",
      "product_url": "https://wolt.com/cs/cze/prague/venue/albert-vinohradska/ceska-chut-mexicky-salat-itemid-64ca0b7cba162577de488bf5",
      "image_url": "https://imageproxy.wolt.com/menu/menu-images/63ad795db242366d1f818f36/5a138f44-4e4d-11ef-8e98-92117802f509_26830537.jpg",
      "categories": [
        "UZENINY A LAHŮDKY",
        "SALÁTY A POMAZÁNKY"
      ],
      "prices": [
        {
          "store_name": "Albert",
          "price": 22.9,
          "original_price": null,
          "unit_price": 152.67,
          "unit": "Kg",
          "package_size": "150 g",
          "condition": null
        }
      ],
      "description": null
    },
    {
      "name": "Yum Yum Instantní polévka příchuť hovězí",
      "brand": "Yum",
      "product_url": "https://wolt.com/cs/cze/prague/venue/albert-vinohradska/yum-yum-instantni-polevka-prichut-hovezi-itemid-657233256818b938df94795c",
      "image_url": "https://imageproxy.wolt.com/menu/menu-images/64ffec4406cca0140dfab831/808e78b4-8eae-11ee-9f44-96c5aea62654_22443984.jpg",
      "categories": [
        "TRVANLIVÉ",
        "INSTANTNÍ POKRMY"
      ],
      "prices": [
        {
          "store_name": "Albert",
          "price": 18.9,
          "original_price": null,
          "unit_price": 315.0,
          "unit": "Kg",
          "package_size": "60 g",
          "condition": null
        }
      ],
      "description": null
    },
    {
      "name": "Hello Mini jablko",
      "brand": "Hello",
      "product_url": "https://wolt.com/cs/cze/prague/venue/albert-vinohradska/hello-mini-jablko-itemid-64ca0b7cba162577de4898ca",
      "image_url": "https://imageproxy.wolt.com/menu/menu-images/64ffec4406cca0140dfab831/35fcdbbc-8eac-11ee-9684-a64f6127a8cf_20298500.jpg",
      "categories": [
        "NÁPOJE",
        "DŽUSY A NEKTARY"
      ],
      "prices": [
        {
          "store_name": "Albert",
          "price": 9.9,
          "original_price": null,
          "unit_price": 39.6,
          "unit": "l",
          "package_size": "250 ml",
          "condition": null
        }
      ],
      "description": null
    },
    {
      "name": "Kuřecí prsní řízky chlazené",
      "brand": null,
      "product_url": "https://wolt.com/cs/cze/prague/venue/albert-vinohradska/kureci-prsni-rizky-chlazene-itemid-64ca0b7cba162577de48844b",
      "image_url": "https://imageproxy.wolt.com/menu/menu-images/64ffec4406cca0140dfab831/53cf3e1e-8eb1-11ee-9376-36180384687e_24306126.jpg",
      "categories": [
        "MASO A RYBY",
        "DRŮBEŽ"
      ],
      "prices": [
        {
          "store_name": "Albert",
          "price": 245.3,
          "original_price": null,
          "unit_price": null,
          "unit": null,
          "package_size": null,
          "condition": null
        }
      ],
      "description": null
    },
    {
      "name": "Dr. Oetker Kypřicí prášek do perníku",
      "brand": "Dr. Oetker",
      "product_url": "https://wolt.com/cs/cze/prague/venue/albert-vinohradska/dr-oetker-kyprici-prasek-do-perniku-itemid-64ca0b7cba162577de4882b9",
      "image_url": "https://imageproxy.wolt.com/menu/menu-images/63ad795db242366d1f818f36/ee8cce22-a8e9-11f0-b477-924068e3b319_21459269.jpg",
      "categories": [
        "TRVANLIVÉ",
        "PEČENÍ A VAŘENÍ"
      ],
      "prices": [
        {
          "store_name": "Albert",
          "price": 10.9,
          "original_price": null,
          "unit_price": 545.0,
          "unit": "Kg",
          "package_size": "20 g",
          "condition": null
        }
      ],
      "description": null
    },
    {
      "name": "Prima Polárkový dort vanilková příchuť",
      "brand": "Prima",
      "product_url": "https://wolt.com/cs/cze/prague/venue/albert-vinohradska/prima-polarkovy-dort-vanilkova-prichut-itemid-6876153a0c6218e9f3e5f46d",
      "image_url": "https://imageproxy.wolt.com/menu/menu-images/64b62ec5e5ab70cdc92e30f0/20c35eaa-616f-11f0-aa39-da5cbf168adb_27755310.jpg",
      "categories": [
        "MRAŽENÉ POTRAVINY",
        "ZMRZLINA A NANUKY"
      ],
      "prices": [
        {
          "store_name": "Albert",
          "price": 31.9,
          "original_price": null,
          "unit_price": 51.87,
          "unit": "l",
          "package_size": "615 ml",
          "condition": null
        }
      ],
      "description": null
    },
    {
      "name": "Malva Hořčice plnotučná",
      "brand": "Malva",
      "product_url": "https://wolt.com/cs/cze/prague/venue/albert-vinohradska/malva-horcice-plnotucna-itemid-64ca0b7cba162577de48913f",
      "image_url": "https://imageproxy.wolt.com/menu/menu-images/63ad795db242366d1f818f36/aadc04e8-ed43-11ef-9c1d-ea86c9b52765_20305406.jpg",
      "categories": [
        "TRVANLIVÉ",
        "KEČUPY A HOŘČICE"
      ],
      "prices": [
        {
          "store_name": "Albert",
          "price": 29.9,
          "original_price": null,
          "unit_price": 74.75,
          "unit": "Kg",
          "package_size": "400 g",
          "condition": null
        }
      ],
      "description": null
    },
    {
      "name": "Hello Mini jahoda",
      "brand": "Hello",
      "product_url": "https://wolt.com/cs/cze/prague/venue/albert-vinohradska/hello-mini-jahoda-itemid-657233256818b938df947cdc",
      "image_url": "https://imageproxy.wolt.com/menu/menu-images/64ffec4406cca0140dfab831/35f1cb8c-8eac-11ee-b501-1aab45c8976d_20298494.jpg",
      "categories": [
        "NÁPOJE",
        "DŽUSY A NEKTARY"
      ],
      "prices": [
        {
          "store_name": "Albert",
          "price": 13.9,
          "original_price": null,
          "unit_price": 55.6,
          "unit": "l",
          "package_size": "250 ml",
          "condition": null
        }
      ],
      "description": null
    },
    {
      "name": "Sprite Zero citron-limetka",
      "brand": "Sprite",
      "product_url": "https://wolt.com/cs/cze/prague/venue/albert-vinohradska/sprite-zero-citron-limetka-itemid-681b5abffcbd67bf7a8f4a58",
      "image_url": "https://imageproxy.wolt.com/menu/menu-images/63ad795db242366d1f818f36/ff87fb04-2b47-11f0-b1a7-a242ca7cb0da_27981887.jpg",
      "categories": [
        "NÁPOJE",
        "LIMONÁDY"
      ],
      "prices": [
        {
          "store_name": "Albert",
          "price": 29.9,
          "original_price": null,
          "unit_price": 19.93,
          "unit": "l",
          "package_size": "1,5 l",
          "condition": null
        }
      ],
      "description": null
    },
    {
      "name": "Ramill Mouka polohrubá",
      "brand": "Ramill",
      "product_url": "https://wolt.com/cs/cze/prague/venue/albert-vinohradska/ramill-mouka-polohruba-itemid-64ca0b7cba162577de48917a",
      "image_url": "https://imageproxy.wolt.com/menu/menu-images/64ffec4406cca0140dfab831/38f6fc60-8eae-11ee-8351-fe16b6783abc_22030467.jpg",
      "categories": [
        "TRVANLIVÉ",
        "PEČENÍ A VAŘENÍ"
      ],
      "prices": [
        {
          "store_name": "Albert",
          "price": 19.9,
          "original_price": null,
          "unit_price": 19.9,
          "unit": "Kg",
          "package_size": "1 kg",
          "condition": null
        }
      ],
      "description": null
    },
    {
      "name": "Gouda mladá 48% plátky",
      "brand": "Gouda",
      "product_url": "https://wolt.com/cs/cze/prague/venue/albert-vinohradska/gouda-mlada-48-platky-itemid-64ca0b7cba162577de489ab1",
      "image_url": "https://imageproxy.wolt.com/menu/menu-images/64ffec4406cca0140dfab831/12cdd3ec-8ec2-11ee-8273-bed63d7a3e3f_27276709.jpg",
      "categories": [
        "MLÉČNÉ A CHLAZENÉ",
        "SÝRY"
      ],
      "prices": [
        {
          "store_name": "Albert",
          "price": 64.9,
          "original_price": null,
          "unit_price": 341.58,
          "unit": "Kg",
          "package_size": "190 g",
          "condition": null
        }
      ],
      "description": null
    },
    {
      "name": "Gustona Kečup ostrý",
      "brand": "Gustona",
      "product_url": "https://wolt.com/cs/cze/prague/venue/albert-vinohradska/gustona-kecup-ostry-itemid-657233256818b938df947d0b",
      "image_url": "https://imageproxy.wolt.com/menu/menu-images/64ffec4406cca0140dfab831/969551c4-8ec1-11ee-8288-bed63d7a3e3f_27256091.jpg",
      "categories": [
        "TRVANLIVÉ",
        "KEČUPY A HOŘČICE"
      ],
      "prices": [
        {
          "store_name": "Albert",
          "price": 34.9,
          "original_price": null,
          "unit_price": 69.8,
          "unit": "Kg",
          "package_size": "500 g",
          "condition": null
        }
      ],
      "description": null
    },
    {
      "name": "Nature's Promise Bio Camembert",
      "brand": "Nature's Promise",
      "product_url": "https://wolt.com/cs/cze/prague/venue/albert-vinohradska/nature-s-promise-bio-camembert-itemid-64ca0b7cba162577de4890c7",
      "image_url": "https://imageproxy.wolt.com/menu/menu-images/64ffec4406cca0140dfab831/47f3faf6-8ec2-11ee-a55f-fe512f326f5c_27293225.jpg",
      "categories": [
        "MLÉČNÉ A CHLAZENÉ",
        "SÝRY"
      ],
      "prices": [
        {
          "store_name": "Albert",
          "price": null,
          "original_price": null,
          "unit_price": 249.17,
          "unit": "Kg",
          "package_size": "120 g",
          "condition": "Sleva"
        }
      ],
      "description": null
    },
    {
      "name": "Tchibo barista crema zr.k . 1kg",
      "brand": "Tchibo",
      "product_url": "https://wolt.com/cs/cze/prague/venue/albert-vinohradska/tchibo-barista-crema-zr-k-1kg-itemid-64ca0b7cba162577de488b23",
      "image_url": "https://imageproxy.wolt.com/menu/menu-images/64ffec4406cca0140dfab831/df2e2a38-8ebb-11ee-a770-3abcd54edd52_26809953.jpg",
      "categories": [
        "NÁPOJE",
        "KÁVA A ČAJ"
      ],
      "prices": [
        {
          "store_name": "Albert",
          "price": 799.0,
          "original_price": null,
          "unit_price": 799.0,
          "unit": "Kg",
          "package_size": "1 kg",
          "condition": null
        }
      ],
      "description": null
    },
    {
      "name": "Jack Daniel's Tennessee Whiskey 40%",
      "brand": "Jack Daniel's",
      "product_url": "https://wolt.com/cs/cze/prague/venue/albert-vinohradska/jack-daniel-s-tennessee-whiskey-40-itemid-64ca0b7cba162577de488c7d",
      "image_url": "https://imageproxy.wolt.com/menu/menu-images/63ad795db242366d1f818f36/d6522b4e-7825-11f0-b1de-4eac2a3f01cc_20922535.jpg",
      "categories": [
        "NÁPOJE",
        "LIHOVINY"
      ],
      "prices": [
        {
          "store_name": "Albert",
          "price": 749.0,
          "original_price": null,
          "unit_price": 1070.0,
          "unit": "l",
          "package_size": "700 ml, 40% alc",
          "condition": "18+, Vyprodáno"
        }
      ],
      "description": null
    },
    {
      "name": "Nature's Promise Bio Pomazánka gril. papriky",
      "brand": "Nature's Promise",
      "product_url": "https://wolt.com/cs/cze/prague/venue/albert-vinohradska/nature-s-promise-bio-pomazanka-gril-papriky-itemid-64ca0b7cba162577de4892fc",
      "image_url": "https://imageproxy.wolt.com/menu/menu-images/63ad795db242366d1f818f36/74db4f5a-8e26-11f0-a76b-caa3fd29fd86_27047279.jpg",
      "categories": [
        "UZENINY A LAHŮDKY",
        "SALÁTY A POMAZÁNKY"
      ],
      "prices": [
        {
          "store_name": "Albert",
          "price": 34.9,
          "original_price": null,
          "unit_price": 232.67,
          "unit": "Kg",
          "package_size": "150 g",
          "condition": null
        }
      ],
      "description": null
    },
    {
      "name": "Signal Family Care Herbal Fresh zubní pasta",
      "brand": "Signal",
      "product_url": "https://wolt.com/cs/cze/prague/venue/albert-vinohradska/signal-family-care-herbal-fresh-zubni-pasta-itemid-64ca0b7cba162577de489076",
      "image_url": "https://imageproxy.wolt.com/menu/menu-images/64ffec4406cca0140dfab831/e857371a-8eae-11ee-94fb-6acfb8ed3f7f_22904201.jpg",
      "categories": [
        "DROGERIE A KOSMETIKA",
        "ÚSTNÍ HYGIENA"
      ],
      "prices": [
        {
          "store_name": "Albert",
          "price": 52.9,
          "original_price": null,
          "unit_price": 705.33,
          "unit": "l",
          "package_size": "75 ml",
          "condition": null
        }
      ],
      "description": null
    },
    {
      "name": "Krásno Koleno uzené bez kosti",
      "brand": "Krásno",
      "product_url": "https://wolt.com/cs/cze/prague/venue/albert-vinohradska/krasno-koleno-uzene-bez-kosti-itemid-657233256818b938df947d6e",
      "image_url": "https://imageproxy.wolt.com/menu/menu-images/64ffec4406cca0140dfab831/b7cb7956-8eb0-11ee-9cbf-b287692f5450_23964006.jpg",
      "categories": [
        "MASO A RYBY",
        "VEPŘOVÉ"
      ],
      "prices": [
        {
          "store_name": "Albert",
          "price": null,
          "original_price": null,
          "unit_price": null,
          "unit": null,
          "package_size": null,
          "condition": "Sleva, Vyprodáno"
        }
      ],
      "description": null
    },
    {
      "name": "Albert Uzená rolovaná plec",
      "brand": "Albert",
      "product_url": "https://wolt.com/cs/cze/prague/venue/albert-vinohradska/albert-uzena-rolovana-plec-itemid-64ca0b7cba162577de48856b",
      "image_url": "https://imageproxy.wolt.com/menu/menu-images/64ffec4406cca0140dfab831/f441f9e6-8eba-11ee-bdd4-f676b94e1855_26700991.jpg",
      "categories": [
        "MASO A RYBY",
        "VEPŘOVÉ"
      ],
      "prices": [
        {
          "store_name": "Albert",
          "price": 167.3,
          "original_price": null,
          "unit_price": null,
          "unit": null,
          "package_size": null,
          "condition": null
        }
      ],
      "description": null
    },
    {
      "name": "Bonavita Active Křehké suchary",
      "brand": "Bonavita",
      "product_url": "https://wolt.com/cs/cze/prague/venue/albert-vinohradska/bonavita-active-krehke-suchary-itemid-64ca0b7cba162577de48a194",
      "image_url": "https://imageproxy.wolt.com/menu/menu-images/64ffec4406cca0140dfab831/2535602e-8ebb-11ee-b1f4-2672547c66c2_26744476.jpg",
      "categories": [
        "TRVANLIVÉ",
        "MÜSLI A CEREÁLIE"
      ],
      "prices": [
        {
          "store_name": "Albert",
          "price": 42.9,
          "original_price": null,
          "unit_price": 238.33,
          "unit": "Kg",
          "package_size": "180 g",
          "condition": null
        }
      ],
      "description": null
    },
    {
      "name": "Česká chuť Máslo 82%",
      "brand": "Česká chuť",
      "product_url": "https://wolt.com/cs/cze/prague/venue/albert-vinohradska/ceska-chut-maslo-82-itemid-64ca0b7cba162577de488573",
      "image_url": "https://imageproxy.wolt.com/menu/menu-images/63ad795db242366d1f818f36/75e710d4-cca1-11ee-9081-7274638dbaaf_26819501.jpg",
      "categories": [
        "MLÉČNÉ A CHLAZENÉ",
        "MÁSLO A TUKY"
      ],
      "prices": [
        {
          "store_name": "Albert",
          "price": null,
          "original_price": null,
          "unit_price": 159.6,
          "unit": "Kg",
          "package_size": "250 g",
          "condition": "Sleva"
        }
      ],
      "description": null
    },
    {
      "name": "Hello 100% pomeranč",
      "brand": "Hello",
      "product_url": "https://wolt.com/cs/cze/prague/venue/albert-vinohradska/hello-100-pomeranc-itemid-681b5abffcbd67bf7a8f4a3c",
      "image_url": "https://imageproxy.wolt.com/menu/menu-images/63ad795db242366d1f818f36/1ac63c78-2b48-11f0-9cce-b2f6bb6ea986_20298371.jpg",
      "categories": [
        "NÁPOJE",
        "DŽUSY A NEKTARY"
      ],
      "prices": [
        {
          "store_name": "Albert",
          "price": null,
          "original_price": null,
          "unit_price": 39.9,
          "unit": "l",
          "package_size": "1 l",
          "condition": "Sleva"
        }
      ],
      "description": null
    },
    {
      "name": "Mlékárna Kunín Termix s příchutí pistácie",
      "brand": "Mlékárna Kunín",
      "product_url": "https://wolt.com/cs/cze/prague/venue/albert-vinohradska/mlekarna-kunin-termix-s-prichuti-pistacie-itemid-64ca0b7cba162577de4890a3",
      "image_url": "https://imageproxy.wolt.com/menu/menu-images/64ffec4406cca0140dfab831/3f167df4-8eb4-11ee-baa7-1e9e4c6f0bda_25268829.jpg",
      "categories": [
        "MLÉČNÉ A CHLAZENÉ",
        "JOGURTY A DEZERTY"
      ],
      "prices": [
        {
          "store_name": "Albert",
          "price": 15.9,
          "original_price": null,
          "unit_price": 176.67,
          "unit": "Kg",
          "package_size": "90 g",
          "condition": null
        }
      ],
      "description": null
    },
    {
      "name": "Mucha Sekt Rosé",
      "brand": "Mucha",
      "product_url": "https://wolt.com/cs/cze/prague/venue/albert-vinohradska/mucha-sekt-rose-itemid-64ca0b7cba162577de488943",
      "image_url": "https://imageproxy.wolt.com/menu/menu-images/64ffec4406cca0140dfab831/b3e4778e-8eba-11ee-b67e-ca3c3355ab39_26678610.jpg",
      "categories": [
        "NÁPOJE",
        "VÍNA"
      ],
      "prices": [
        {
          "store_name": "Albert",
          "price": 184.0,
          "original_price": null,
          "unit_price": 245.33,
          "unit": "l",
          "package_size": "750 ml, 11% alc",
          "condition": "18+"
        }
      ],
      "description": null
    },
    {
      "name": "Hamé Svačinka",
      "brand": "Hamé",
      "product_url": "https://wolt.com/cs/cze/prague/venue/albert-vinohradska/hame-svacinka-itemid-657233256818b938df947db3",
      "image_url": "https://imageproxy.wolt.com/menu/menu-images/64ffec4406cca0140dfab831/7eddffe0-8ead-11ee-86a2-3e53a922e9b0_20787288.jpg",
      "categories": [
        "TRVANLIVÉ",
        "KONZERVOVANÉ POTR."
      ],
      "prices": [
        {
          "store_name": "Albert",
          "price": 47.9,
          "original_price": null,
          "unit_price": 399.17,
          "unit": "Kg",
          "package_size": "120 g",
          "condition": null
        }
      ],
      "description": null
    },
    {
      "name": "Wrigleys Orbit Peppermint",
      "brand": "Wrigleys",
      "product_url": "https://wolt.com/cs/cze/prague/venue/albert-vinohradska/wrigleys-orbit-peppermint-itemid-64ca0b7cba162577de489500",
      "image_url": "https://imageproxy.wolt.com/menu/menu-images/64ffec4406cca0140dfab831/18f3e1a4-8ead-11ee-afce-f2a93e51b7a9_20488826.jpg",
      "categories": [
        "TRVANLIVÉ",
        "SLADKOSTI"
      ],
      "prices": [
        {
          "store_name": "Albert",
          "price": null,
          "original_price": null,
          "unit_price": 1350.0,
          "unit": "Kg",
          "package_size": "14 g",
          "condition": "Sleva"
        }
      ],
      "description": null
    },
    {
      "name": "Albert krmivo pro psy telecí a drůbeží v omáčce",
      "brand": "Albert",
      "product_url": "https://wolt.com/cs/cze/prague/venue/albert-vinohradska/albert-krmivo-pro-psy-teleci-a-drubezi-v-omacce-itemid-6601e980f4efa991f1e5902e",
      "image_url": "https://imageproxy.wolt.com/menu/menu-images/6601c613e48d1c8d95333085/10244796-eae5-11ee-ac1b-767946bf8e19_27768105.jpg",
      "categories": [
        "ZVÍŘATA",
        "PSI"
      ],
      "prices": [
        {
          "store_name": "Albert",
          "price": 42.9,
          "original_price": null,
          "unit_price": 34.6,
          "unit": "Kg",
          "package_size": "1,24 kg",
          "condition": null
        }
      ],
      "description": null
    },
    {
      "name": "Relax multivitamin",
      "brand": "Relax",
      "product_url": "https://wolt.com/cs/cze/prague/venue/albert-vinohradska/relax-multivitamin-itemid-64ca0b7cba162577de4891c9",
      "image_url": "https://imageproxy.wolt.com/menu/menu-images/64ffec4406cca0140dfab831/3becd7fe-8eb4-11ee-b77e-3ed0b25e551d_25268348.jpg",
      "categories": [
        "NÁPOJE",
        "DŽUSY A NEKTARY"
      ],
      "prices": [
        {
          "store_name": "Albert",
          "price": 29.9,
          "original_price": null,
          "unit_price": 29.9,
          "unit": "l",
          "package_size": "1 l",
          "condition": null
        }
      ],
      "description": null
    },
    {
      "name": "Fanta Pomeranč",
      "brand": "Fanta",
      "product_url": "https://wolt.com/cs/cze/prague/venue/albert-vinohradska/fanta-pomeranc-itemid-64ca0b7cba162577de4899d9",
      "image_url": "https://imageproxy.wolt.com/menu/menu-images/63ad795db242366d1f818f36/a9d1dc0e-b931-11ee-99d8-e6eb1b88feae_20683122.jpg",
      "categories": [
        "NÁPOJE",
        "LIMONÁDY"
      ],
      "prices": [
        {
          "store_name": "Albert",
          "price": 24.9,
          "original_price": null,
          "unit_price": 75.45,
          "unit": "l",
          "package_size": "330 ml",
          "condition": null
        }
      ],
      "description": null
    },
    {
      "name": "Albert Mandarinky síť",
      "brand": "Albert",
      "product_url": "https://wolt.com/cs/cze/prague/venue/albert-vinohradska/albert-mandarinky-sit-itemid-657233256818b938df947a2f",
      "image_url": "https://imageproxy.wolt.com/menu/menu-images/63ad795db242366d1f818f36/6440f750-cca1-11ee-822c-a60580cb13e7_22819178.jpg",
      "categories": [
        "OVOCE A ZELENINA",
        "OVOCE"
      ],
      "prices": [
        {
          "store_name": "Albert",
          "price": 49.9,
          "original_price": null,
          "unit_price": 49.9,
          "unit": "Kg",
          "package_size": "1 kg",
          "condition": null
        }
      ],
      "description": null
    },
    {
      "name": "Always Ultra Day&Night vložky s křidélky",
      "brand": "Always",
      "product_url": "https://wolt.com/cs/cze/prague/venue/albert-vinohradska/always-ultra-day-night-vlozky-s-kridelky-itemid-64ca0b7cba162577de488ee7",
      "image_url": "https://imageproxy.wolt.com/menu/menu-images/64ffec4406cca0140dfab831/75fd1c2e-8eaf-11ee-8d7a-aa6a0c58eab8_23321175.jpg",
      "categories": [
        "DROGERIE A KOSMETIKA",
        "DÁMSKÉ HYG. POTŘEBY"
      ],
      "prices": [
        {
          "store_name": "Albert",
          "price": 119.9,
          "original_price": null,
          "unit_price": 8.56,
          "unit": "ks",
          "package_size": "‪14‬ kusů",
          "condition": null
        }
      ],
      "description": null
    },
    {
      "name": "Nutrend Protein pancake natural",
      "brand": "Nutrend",
      "product_url": "https://wolt.com/cs/cze/prague/venue/albert-vinohradska/nutrend-protein-pancake-natural-itemid-6601ea0b2d3204e7ae828f8d",
      "image_url": "https://imageproxy.wolt.com/menu/menu-images/6601c613e48d1c8d95333085/4c205a46-eae5-11ee-b44a-0a57c3b26f42_27822999.jpg",
      "categories": [
        "TRVANLIVÉ",
        "PEČENÍ A VAŘENÍ"
      ],
      "prices": [
        {
          "store_name": "Albert",
          "price": null,
          "original_price": null,
          "unit_price": 598.0,
          "unit": "Kg",
          "package_size": "50 g",
          "condition": "Sleva"
        }
      ],
      "description": null
    },
    {
      "name": "Savo Prací gel barevné a bílé prádlo",
      "brand": "Savo",
      "product_url": "https://wolt.com/cs/cze/prague/venue/albert-vinohradska/savo-praci-gel-barevne-a-bile-pradlo-itemid-657233256818b938df948a31",
      "image_url": "https://imageproxy.wolt.com/menu/menu-images/64ffec4406cca0140dfab831/204ccf6c-8ec4-11ee-8516-b254b150411e_27448526.jpg",
      "categories": [
        "DROGERIE A KOSMETIKA",
        "PRACÍ PROSTŘEDKY"
      ],
      "prices": [
        {
          "store_name": "Albert",
          "price": 369.0,
          "original_price": null,
          "unit_price": 7.69,
          "unit": "ks",
          "package_size": "‪48‬ kusů",
          "condition": null
        }
      ],
      "description": null
    },
    {
      "name": "Faxe Extra Strong světlý ležák",
      "brand": "Faxe",
      "product_url": "https://wolt.com/cs/cze/prague/venue/albert-vinohradska/faxe-extra-strong-svetly-lezak-itemid-657233256818b938df948a9c",
      "image_url": "https://imageproxy.wolt.com/menu/menu-images/64ffec4406cca0140dfab831/ff0e5760-8ebb-11ee-8be7-4a6028ff4aea_26816012.jpg",
      "categories": [
        "NÁPOJE",
        "PIVA"
      ],
      "prices": [
        {
          "store_name": "Albert",
          "price": 109.9,
          "original_price": null,
          "unit_price": 109.9,
          "unit": "l",
          "package_size": "1 l, 10% alc",
          "condition": "18+"
        }
      ],
      "description": null
    },
    {
      "name": "Albert Rajčata cherry oválná",
      "brand": "Albert",
      "product_url": "https://wolt.com/cs/cze/prague/venue/albert-vinohradska/albert-rajcata-cherry-ovalna-itemid-64ca0b7cba162577de488737",
      "image_url": "https://imageproxy.wolt.com/menu/menu-images/63ad795db242366d1f818f36/310b77a0-d671-11ee-834d-56003ea8acc5_26398969.jpg",
      "categories": [
        "OVOCE A ZELENINA",
        "ZELENINA"
      ],
      "prices": [
        {
          "store_name": "Albert",
          "price": 35.0,
          "original_price": null,
          "unit_price": 140.0,
          "unit": "Kg",
          "package_size": "250 g",
          "condition": null
        }
      ],
      "description": null
    },
    {
      "name": "Kempy Paštika s kuřecími játry",
      "brand": "Kempy",
      "product_url": "https://wolt.com/cs/cze/prague/venue/albert-vinohradska/kempy-pastika-s-kurecimi-jatry-itemid-64ca0b7cba162577de489317",
      "image_url": "https://imageproxy.wolt.com/menu/menu-images/64ffec4406cca0140dfab831/37699024-8ec2-11ee-ae64-2289f94b8ae4_27287736.jpg",
      "categories": [
        "TRVANLIVÉ",
        "KONZERVOVANÉ POTR."
      ],
      "prices": [
        {
          "store_name": "Albert",
          "price": 14.9,
          "original_price": null,
          "unit_price": 149.0,
          "unit": "Kg",
          "package_size": "100 g",
          "condition": null
        }
      ],
      "description": null
    },
    {
      "name": "O.B. ProComfort Normal tampóny",
      "brand": "O.B",
      "product_url": "https://wolt.com/cs/cze/prague/venue/albert-vinohradska/o-b-procomfort-normal-tampony-itemid-64ca0b7cba162577de489e25",
      "image_url": "https://imageproxy.wolt.com/menu/menu-images/63ad795db242366d1f818f36/febb8fa8-7825-11f0-9339-92b75d278206_23897465.jpg",
      "categories": [
        "DROGERIE A KOSMETIKA",
        "DÁMSKÉ HYG. POTŘEBY"
      ],
      "prices": [
        {
          "store_name": "Albert",
          "price": 89.9,
          "original_price": null,
          "unit_price": 5.62,
          "unit": "ks",
          "package_size": "‪16‬ kusů",
          "condition": null
        }
      ],
      "description": null
    },
    {
      "name": "Viva Maďarský guláš",
      "brand": "Viva",
      "product_url": "https://wolt.com/cs/cze/prague/venue/albert-vinohradska/viva-madarsky-gulas-itemid-657233256818b938df947ef7",
      "image_url": "https://imageproxy.wolt.com/menu/menu-images/64ffec4406cca0140dfab831/acc0cbda-8eb3-11ee-a836-0208801a60c2_25097320.jpg",
      "categories": [
        "TRVANLIVÉ",
        "INSTANTNÍ POKRMY"
      ],
      "prices": [
        {
          "store_name": "Albert",
          "price": 64.9,
          "original_price": null,
          "unit_price": 162.25,
          "unit": "Kg",
          "package_size": "400 g",
          "condition": null
        }
      ],
      "description": null
    },
    {
      "name": "Emma Mandle v bílé čokoládě obalené kokosem",
      "brand": "Emma",
      "product_url": "https://wolt.com/cs/cze/prague/venue/albert-vinohradska/emma-mandle-v-bile-cokolade-obalene-kokosem-itemid-64ca0b7cba162577de489966",
      "image_url": "https://imageproxy.wolt.com/menu/menu-images/63ad795db242366d1f818f36/e52d5de8-4804-11ef-b5de-6a2f2cdc4081_25373592.jpg",
      "categories": [
        "OVOCE A ZELENINA",
        "SUCHÉ PLODY"
      ],
      "prices": [
        {
          "store_name": "Albert",
          "price": 64.9,
          "original_price": null,
          "unit_price": 519.2,
          "unit": "Kg",
          "package_size": "125 g",
          "condition": null
        }
      ],
      "description": null
    },
    {
      "name": "Head & Shoulders Citrus Fresh šampon proti lupům",
      "brand": "Head",
      "product_url": "https://wolt.com/cs/cze/prague/venue/albert-vinohradska/head-shoulders-citrus-fresh-sampon-proti-lupum-itemid-64ca0b7cba162577de489c98",
      "image_url": "https://imageproxy.wolt.com/menu/menu-images/63ad795db242366d1f818f36/10633768-d671-11ee-b472-363af4eef35c_22877062.jpg",
      "categories": [
        "DROGERIE A KOSMETIKA",
        "PÉČE O VLASY"
      ],
      "prices": [
        {
          "store_name": "Albert",
          "price": 144.9,
          "original_price": null,
          "unit_price": 362.25,
          "unit": "l",
          "package_size": "400 ml",
          "condition": null
        }
      ],
      "description": null
    },
    {
      "name": "Dibeta Oplatka lískooříšková",
      "brand": "Dibeta",
      "product_url": "https://wolt.com/cs/cze/prague/venue/albert-vinohradska/dibeta-oplatka-liskooriskova-itemid-64ca0b7cba162577de48960d",
      "image_url": "https://imageproxy.wolt.com/menu/menu-images/63ad795db242366d1f818f36/f772d6a2-7825-11f0-8b00-1e81f8798068_23384668.jpg",
      "categories": [
        "TRVANLIVÉ",
        "SLADKOSTI"
      ],
      "prices": [
        {
          "store_name": "Albert",
          "price": 14.9,
          "original_price": null,
          "unit_price": 465.63,
          "unit": "Kg",
          "package_size": "32 g",
          "condition": null
        }
      ],
      "description": null
    },
    {
      "name": "Emma Tykev pražená, solená",
      "brand": "Emma",
      "product_url": "https://wolt.com/cs/cze/prague/venue/albert-vinohradska/emma-tykev-prazena-solena-itemid-64ca0b7cba162577de489756",
      "image_url": "https://imageproxy.wolt.com/menu/menu-images/63ad795db242366d1f818f36/4cea226a-4e4d-11ef-9fe5-1a6ceff1f938_26403984.jpg",
      "categories": [
        "OVOCE A ZELENINA",
        "SUCHÉ PLODY"
      ],
      "prices": [
        {
          "store_name": "Albert",
          "price": 29.9,
          "original_price": null,
          "unit_price": 299.0,
          "unit": "Kg",
          "package_size": "100 g",
          "condition": null
        }
      ],
      "description": null
    },
    {
      "name": "Whiskas Junior kapsička ve šťávě",
      "brand": "Whiskas",
      "product_url": "https://wolt.com/cs/cze/prague/venue/albert-vinohradska/whiskas-junior-kapsicka-ve-stave-itemid-6601ee1afe1b01cffb96cf7a",
      "image_url": "https://imageproxy.wolt.com/menu/menu-images/6601c613e48d1c8d95333085/ecb94cfc-eae4-11ee-a1d8-7af12948c363_27729632.jpg",
      "categories": [
        "ZVÍŘATA",
        "KOČKY"
      ],
      "prices": [
        {
          "store_name": "Albert",
          "price": 67.9,
          "original_price": null,
          "unit_price": 199.71,
          "unit": "Kg",
          "package_size": "340 g",
          "condition": null
        }
      ],
      "description": null
    },
    {
      "name": "Emma Směs ořechů a brusnic",
      "brand": "Emma",
      "product_url": "https://wolt.com/cs/cze/prague/venue/albert-vinohradska/emma-smes-orechu-a-brusnic-itemid-64ca0b7cba162577de489909",
      "image_url": "https://imageproxy.wolt.com/menu/menu-images/63ad795db242366d1f818f36/c65427d2-ed43-11ef-a3fb-4ed40bbef7a4_23712300.jpg",
      "categories": [
        "OVOCE A ZELENINA",
        "SUCHÉ PLODY"
      ],
      "prices": [
        {
          "store_name": "Albert",
          "price": 74.9,
          "original_price": null,
          "unit_price": 374.5,
          "unit": "Kg",
          "package_size": "200 g",
          "condition": null
        }
      ],
      "description": null
    },
    {
      "name": "Emco Ovesné vločky jemné",
      "brand": "Emco",
      "product_url": "https://wolt.com/cs/cze/prague/venue/albert-vinohradska/emco-ovesne-vlocky-jemne-itemid-64ca0b7cba162577de488af5",
      "image_url": "https://imageproxy.wolt.com/menu/menu-images/64ffec4406cca0140dfab831/6e42adc0-8ead-11ee-aa23-067f756def6c_20779665.jpg",
      "categories": [
        "TRVANLIVÉ",
        "MÜSLI A CEREÁLIE"
      ],
      "prices": [
        {
          "store_name": "Albert",
          "price": 29.9,
          "original_price": null,
          "unit_price": 59.8,
          "unit": "Kg",
          "package_size": "500 g",
          "condition": null
        }
      ],
      "description": null
    },
    {
      "name": "Albert Lasagne Bolognese",
      "brand": "Albert",
      "product_url": "https://wolt.com/cs/cze/prague/venue/albert-vinohradska/albert-lasagne-bolognese-itemid-651c879ef0fd71c461ffd990",
      "image_url": "https://imageproxy.wolt.com/menu/menu-images/63ad795db242366d1f818f36/0b5bf442-f8f0-11ef-a715-2a2a49de5161_27794074.jpg",
      "categories": [
        "UZENINY A LAHŮDKY",
        "HOTOVKY A PŘÍLOHY"
      ],
      "prices": [
        {
          "store_name": "Albert",
          "price": 59.9,
          "original_price": null,
          "unit_price": 149.75,
          "unit": "Kg",
          "package_size": "400 g",
          "condition": null
        }
      ],
      "description": null
    },
    {
      "name": "Schwarzkopf Taft Power lak na vlasy",
      "brand": "Schwarzkopf",
      "product_url": "https://wolt.com/cs/cze/prague/venue/albert-vinohradska/schwarzkopf-taft-power-lak-na-vlasy-itemid-660219c03dbf95b91fbcedfc",
      "image_url": "https://imageproxy.wolt.com/menu/menu-images/63ad795db242366d1f818f36/4549d57c-0b7d-11ef-aa34-1e1994c88023_27083246.jpg",
      "categories": [
        "DROGERIE A KOSMETIKA",
        "PÉČE O VLASY"
      ],
      "prices": [
        {
          "store_name": "Albert",
          "price": 79.9,
          "original_price": null,
          "unit_price": 1065.33,
          "unit": "l",
          "package_size": "75 ml",
          "condition": "Vyprodáno"
        }
      ],
      "description": null
    },
    {
      "name": "Fa Men sprchový gel 3v1 Sport Energy Boost",
      "brand": "Fa",
      "product_url": "https://wolt.com/cs/cze/prague/venue/albert-vinohradska/fa-men-sprchovy-gel-3v1-sport-energy-boost-itemid-6601ebd1ce0ec50e8160a0ce",
      "image_url": "https://imageproxy.wolt.com/menu/menu-images/6601c613e48d1c8d95333085/c4af779c-eae2-11ee-836f-d6ce440b79c5_25616224.jpg",
      "categories": [
        "DROGERIE A KOSMETIKA",
        "MÝDLA A GELY"
      ],
      "prices": [
        {
          "store_name": "Albert",
          "price": 79.9,
          "original_price": null,
          "unit_price": 199.75,
          "unit": "l",
          "package_size": "400 ml",
          "condition": null
        }
      ],
      "description": null
    },
    {
      "name": "Maggi Nápady Zapečené kuře sýrová omáčka",
      "brand": "Maggi",
      "product_url": "https://wolt.com/cs/cze/prague/venue/albert-vinohradska/maggi-napady-zapecene-kure-syrova-omacka-itemid-66021bb7926c402ccceb163b",
      "image_url": "https://imageproxy.wolt.com/menu/menu-images/6601c613e48d1c8d95333085/7f05e762-eae2-11ee-ba66-aae3aea8b537_24591270.jpg",
      "categories": [
        "TRVANLIVÉ",
        "TĚSTOVINY A KUSKUS"
      ],
      "prices": [
        {
          "store_name": "Albert",
          "price": 43.9,
          "original_price": null,
          "unit_price": 1371.88,
          "unit": "Kg",
          "package_size": "32 g",
          "condition": null
        }
      ],
      "description": null
    },
    {
      "name": "Vlčnovský vdoleček",
      "brand": "Vlčnovský",
      "product_url": "https://wolt.com/cs/cze/prague/venue/albert-vinohradska/vlcnovsky-vdolecek-itemid-64ca0b7cba162577de48a369",
      "image_url": "https://imageproxy.wolt.com/menu/menu-images/64ffec4406cca0140dfab831/d1178a28-8ec7-11ee-9e1c-22bb34ae47e9_27683866.jpg",
      "categories": [
        "PEKÁRNA A CUKRÁRNA",
        "SLADKÉ PEČIVO VOLNÉ"
      ],
      "prices": [
        {
          "store_name": "Albert",
          "price": 10.9,
          "original_price": null,
          "unit_price": 436.0,
          "unit": "Kg",
          "package_size": "25 g",
          "condition": "Vyprodáno"
        }
      ],
      "description": null
    },
    {
      "name": "Olma Olmíci Haribo Chamallows Minis jahodoví",
      "brand": "Olma",
      "product_url": "https://wolt.com/cs/cze/prague/venue/albert-vinohradska/olma-olmici-haribo-chamallows-minis-jahodovi-itemid-657233256818b938df94862f",
      "image_url": "https://imageproxy.wolt.com/menu/menu-images/63ad795db242366d1f818f36/b3aa9ec8-b931-11ee-8ac2-da1346c3d5af_27039083.jpg",
      "categories": [
        "MLÉČNÉ A CHLAZENÉ",
        "JOGURTY A DEZERTY"
      ],
      "prices": [
        {
          "store_name": "Albert",
          "price": null,
          "original_price": null,
          "unit_price": 131.53,
          "unit": "Kg",
          "package_size": "111 g",
          "condition": "Sleva"
        }
      ],
      "description": null
    },
    {
      "name": "Opavia BeBe Dobré ráno Sušenky s mlékem",
      "brand": "Opavia",
      "product_url": "https://wolt.com/cs/cze/prague/venue/albert-vinohradska/opavia-bebe-dobre-rano-susenky-s-mlekem-itemid-64ca0b7cba162577de489f31",
      "image_url": "https://imageproxy.wolt.com/menu/menu-images/63ad795db242366d1f818f36/b930f9ce-f8ef-11ef-9b56-6a8a496b493e_23808614.jpg",
      "categories": [
        "TRVANLIVÉ",
        "SLADKOSTI"
      ],
      "prices": [
        {
          "store_name": "Albert",
          "price": 69.9,
          "original_price": null,
          "unit_price": 174.75,
          "unit": "Kg",
          "package_size": "400 g",
          "condition": null
        }
      ],
      "description": null
    },
    {
      "name": "Borges Extra Mild olivový olej",
      "brand": "Borges",
      "product_url": "https://wolt.com/cs/cze/prague/venue/albert-vinohradska/borges-extra-mild-olivovy-olej-itemid-64ca0b7cba162577de489d0d",
      "image_url": "https://imageproxy.wolt.com/menu/menu-images/64ffec4406cca0140dfab831/c2885a46-8eae-11ee-94ee-96106fe39af5_22828620.jpg",
      "categories": [
        "TRVANLIVÉ",
        "OLEJE A OCTY"
      ],
      "prices": [
        {
          "store_name": "Albert",
          "price": 298.0,
          "original_price": null,
          "unit_price": 596.0,
          "unit": "l",
          "package_size": "500 ml",
          "condition": null
        }
      ],
      "description": null
    },
    {
      "name": "Kubík Water malina",
      "brand": "Kubík",
      "product_url": "https://wolt.com/cs/cze/prague/venue/albert-vinohradska/kubik-water-malina-itemid-64ca0b7cba162577de488a07",
      "image_url": "https://imageproxy.wolt.com/menu/menu-images/63ad795db242366d1f818f36/4c3acef0-c471-11f0-b7f6-c638282f932e_25224795.jpg",
      "categories": [
        "NÁPOJE",
        "VODY A MINERÁLKY"
      ],
      "prices": [
        {
          "store_name": "Albert",
          "price": 14.9,
          "original_price": null,
          "unit_price": 29.8,
          "unit": "l",
          "package_size": "500 ml",
          "condition": null
        }
      ],
      "description": null
    },
    {
      "name": "Bageta malá světlá",
      "brand": null,
      "product_url": "https://wolt.com/cs/cze/prague/venue/albert-vinohradska/bageta-mala-svetla-itemid-64ca0b7cba162577de4880dd",
      "image_url": "https://imageproxy.wolt.com/menu/menu-images/64ffec4406cca0140dfab831/817f5e10-8eb2-11ee-925e-4ac825cfc539_24781091.jpg",
      "categories": [
        "PEKÁRNA A CUKRÁRNA",
        "SLANÉ PEČIVO VOLNÉ"
      ],
      "prices": [
        {
          "store_name": "Albert",
          "price": 3.9,
          "original_price": null,
          "unit_price": 78.0,
          "unit": "Kg",
          "package_size": "50 g",
          "condition": null
        }
      ],
      "description": null
    },
    {
      "name": "Albert Roláda, kakaová náplň",
      "brand": "Albert",
      "product_url": "https://wolt.com/cs/cze/prague/venue/albert-vinohradska/albert-rolada-kakaova-napln-itemid-657233256818b938df947829",
      "image_url": "https://imageproxy.wolt.com/menu/menu-images/64ffec4406cca0140dfab831/0dcedbd8-8eb4-11ee-9f1d-9e446d541704_25238075.jpg",
      "categories": [
        "PEKÁRNA A CUKRÁRNA",
        "SLADKÉ PEČIVO BALENÉ"
      ],
      "prices": [
        {
          "store_name": "Albert",
          "price": 36.9,
          "original_price": null,
          "unit_price": 147.6,
          "unit": "Kg",
          "package_size": "250 g",
          "condition": null
        }
      ],
      "description": null
    },
    {
      "name": "Bohemilk Opočno Smetana ke šlehání 33%",
      "brand": "Bohemilk",
      "product_url": "https://wolt.com/cs/cze/prague/venue/albert-vinohradska/bohemilk-opocno-smetana-ke-slehani-33-itemid-657233256818b938df9478d9",
      "image_url": "https://imageproxy.wolt.com/menu/menu-images/63ad795db242366d1f818f36/07c0a816-d671-11ee-ae8a-7e650db8f8ae_20455163.jpg",
      "categories": [
        "MLÉČNÉ A CHLAZENÉ",
        "SMETANY A ŠLEHAČKY"
      ],
      "prices": [
        {
          "store_name": "Albert",
          "price": 46.9,
          "original_price": null,
          "unit_price": 187.6,
          "unit": "l",
          "package_size": "250 ml",
          "condition": null
        }
      ],
      "description": null
    },
    {
      "name": "Opavia Brumík s náplní čokoládovou",
      "brand": "Opavia",
      "product_url": "https://wolt.com/cs/cze/prague/venue/albert-vinohradska/opavia-brumik-s-naplni-cokoladovou-itemid-64ca0b7cba162577de489691",
      "image_url": "https://imageproxy.wolt.com/menu/menu-images/63ad795db242366d1f818f36/b92f90ac-f8ef-11ef-829b-9af96452340d_23944671.jpg",
      "categories": [
        "TRVANLIVÉ",
        "SLADKOSTI"
      ],
      "prices": [
        {
          "store_name": "Albert",
          "price": 57.9,
          "original_price": null,
          "unit_price": 386.0,
          "unit": "Kg",
          "package_size": "150 g",
          "condition": null
        }
      ],
      "description": null
    },
    {
      "name": "Hello Ovocná přesnídávka s jahodami",
      "brand": "Hello",
      "product_url": "https://wolt.com/cs/cze/prague/venue/albert-vinohradska/hello-ovocna-presnidavka-s-jahodami-itemid-64ca0b7cba162577de488ffd",
      "image_url": "https://imageproxy.wolt.com/menu/menu-images/63ad795db242366d1f818f36/163541c4-7826-11f0-bdc4-623251b3f96f_25430875.jpg",
      "categories": [
        "DÍTĚ",
        "VÝŽIVA"
      ],
      "prices": [
        {
          "store_name": "Albert",
          "price": 11.9,
          "original_price": null,
          "unit_price": 62.63,
          "unit": "Kg",
          "package_size": "190 g",
          "condition": null
        }
      ],
      "description": null
    },
    {
      "name": "Fit Müsli tyčinka šťavnatá v jogurtu",
      "brand": "Fit",
      "product_url": "https://wolt.com/cs/cze/prague/venue/albert-vinohradska/fit-musli-tycinka-stavnata-v-jogurtu-itemid-64ca0b7cba162577de489501",
      "image_url": "https://imageproxy.wolt.com/menu/menu-images/64ffec4406cca0140dfab831/8a0ddb38-8ead-11ee-bbd9-aa21438df9a4_20836450.jpg",
      "categories": [
        "TRVANLIVÉ",
        "MÜSLI A CEREÁLIE"
      ],
      "prices": [
        {
          "store_name": "Albert",
          "price": 9.9,
          "original_price": null,
          "unit_price": 282.86,
          "unit": "Kg",
          "package_size": "35 g",
          "condition": null
        }
      ],
      "description": null
    },
    {
      "name": "Hochwald Eisschoko Ledový čokoládový nápoj",
      "brand": "Hochwald",
      "product_url": "https://wolt.com/cs/cze/prague/venue/albert-vinohradska/hochwald-eisschoko-ledovy-cokoladovy-napoj-itemid-64ca0b7cba162577de489a55",
      "image_url": "https://imageproxy.wolt.com/menu/menu-images/64ffec4406cca0140dfab831/2515b9b0-8eb4-11ee-a6f9-c6aa6b123400_25249873.jpg",
      "categories": [
        "MLÉČNÉ A CHLAZENÉ",
        "MLÉČNÉ NÁPOJE"
      ],
      "prices": [
        {
          "store_name": "Albert",
          "price": 39.9,
          "original_price": null,
          "unit_price": 79.8,
          "unit": "l",
          "package_size": "500 ml",
          "condition": null
        }
      ],
      "description": null
    },
    {
      "name": "Winston Classic Red 100",
      "brand": "Winston",
      "product_url": "https://wolt.com/cs/cze/prague/venue/albert-vinohradska/winston-classic-red-100-itemid-64ca0b7cba162577de48882f",
      "image_url": "https://imageproxy.wolt.com/menu/menu-images/64ffec4406cca0140dfab831/bbb47180-8eb0-11ee-b6a4-f6f59196df47_23981768.jpg",
      "categories": [
        "DOMÁCNOST A ZAHRADA",
        "CIGARETY"
      ],
      "prices": [
        {
          "store_name": "Albert",
          "price": 156.0,
          "original_price": null,
          "unit_price": 156.0,
          "unit": "ks",
          "package_size": "‪1‬ kus",
          "condition": "18+"
        }
      ],
      "description": null
    },
    {
      "name": "Ludwig Veltínské zelené",
      "brand": "Ludwig",
      "product_url": "https://wolt.com/cs/cze/prague/venue/albert-vinohradska/ludwig-veltinske-zelene-itemid-657233256818b938df948910",
      "image_url": "https://imageproxy.wolt.com/menu/menu-images/64ffec4406cca0140dfab831/86b358dc-8ec6-11ee-ad69-261fd742ff1a_27611616.jpg",
      "categories": [
        "NÁPOJE",
        "VÍNA"
      ],
      "prices": [
        {
          "store_name": "Albert",
          "price": 79.9,
          "original_price": null,
          "unit_price": 106.53,
          "unit": "l",
          "package_size": "750 ml, 11,5% alc",
          "condition": "18+"
        }
      ],
      "description": null
    },
    {
      "name": "Fanta Pomeranč",
      "brand": "Fanta",
      "product_url": "https://wolt.com/cs/cze/prague/venue/albert-vinohradska/fanta-pomeranc-itemid-64ca0b7cba162577de4894b3",
      "image_url": "https://imageproxy.wolt.com/menu/menu-images/63ad795db242366d1f818f36/cac9ea14-7825-11f0-a05f-6a324c8de82f_20404024.jpg",
      "categories": [
        "NÁPOJE",
        "LIMONÁDY"
      ],
      "prices": [
        {
          "store_name": "Albert",
          "price": 34.9,
          "original_price": null,
          "unit_price": 17.45,
          "unit": "l",
          "package_size": "2 l",
          "condition": null
        }
      ],
      "description": null
    },
    {
      "name": "Loyd Ovocný čaj hrušky a ananas",
      "brand": "Loyd",
      "product_url": "https://wolt.com/cs/cze/prague/venue/albert-vinohradska/loyd-ovocny-caj-hrusky-a-ananas-itemid-64ca0b7cba162577de488b1d",
      "image_url": "https://imageproxy.wolt.com/menu/menu-images/64ffec4406cca0140dfab831/c6045a7a-8eb4-11ee-ba91-2e3db4b64128_25419740.jpg",
      "categories": [
        "NÁPOJE",
        "KÁVA A ČAJ"
      ],
      "prices": [
        {
          "store_name": "Albert",
          "price": 44.9,
          "original_price": null,
          "unit_price": 1122.5,
          "unit": "Kg",
          "package_size": "40 g",
          "condition": null
        }
      ],
      "description": null
    },
    {
      "name": "Grom Gelato Čokoláda",
      "brand": "Grom",
      "product_url": "https://wolt.com/cs/cze/prague/venue/albert-vinohradska/grom-gelato-cokolada-itemid-6876153a0c6218e9f3e5f456",
      "image_url": "https://imageproxy.wolt.com/menu/menu-images/64b62ec5e5ab70cdc92e30f0/131d4162-616f-11f0-b7ee-fa8755900022_27201091.jpg",
      "categories": [
        "MRAŽENÉ POTRAVINY",
        "ZMRZLINA A NANUKY"
      ],
      "prices": [
        {
          "store_name": "Albert",
          "price": 179.0,
          "original_price": null,
          "unit_price": 389.13,
          "unit": "l",
          "package_size": "460 ml",
          "condition": null
        }
      ],
      "description": null
    },
    {
      "name": "Albert Majonéza",
      "brand": "Albert",
      "product_url": "https://wolt.com/cs/cze/prague/venue/albert-vinohradska/albert-majoneza-itemid-64ca0b7cba162577de4880e1",
      "image_url": "https://imageproxy.wolt.com/menu/menu-images/64ffec4406cca0140dfab831/dc81c684-8eb9-11ee-bad2-8e50ebf9f3ec_26520247.jpg",
      "categories": [
        "MLÉČNÉ A CHLAZENÉ",
        "MAJONÉZY A TATARKY"
      ],
      "prices": [
        {
          "store_name": "Albert",
          "price": 12.9,
          "original_price": null,
          "unit_price": 129.0,
          "unit": "l",
          "package_size": "100 ml",
          "condition": null
        }
      ],
      "description": null
    },
    {
      "name": "Franz Josef Kaiser Sardelová očka s kapary",
      "brand": "Franz Josef Kaiser",
      "product_url": "https://wolt.com/cs/cze/prague/venue/albert-vinohradska/franz-josef-kaiser-sardelova-ocka-s-kapary-itemid-64ca0b7cba162577de48a24a",
      "image_url": "https://imageproxy.wolt.com/menu/menu-images/63ad795db242366d1f818f36/e421ef58-f8ef-11ef-b53d-4e3a215f1554_26275215.jpg",
      "categories": [
        "TRVANLIVÉ",
        "KONZERVOVANÉ POTR."
      ],
      "prices": [
        {
          "store_name": "Albert",
          "price": 69.9,
          "original_price": null,
          "unit_price": 2588.89,
          "unit": "Kg",
          "package_size": "27 g",
          "condition": null
        }
      ],
      "description": null
    },
    {
      "name": "Palmolive Naturals Almond & Milk tekuté mýdlo",
      "brand": "Palmolive",
      "product_url": "https://wolt.com/cs/cze/prague/venue/albert-vinohradska/palmolive-naturals-almond-milk-tekute-mydlo-itemid-64ca0b7cba162577de489fe7",
      "image_url": "https://imageproxy.wolt.com/menu/menu-images/63ad795db242366d1f818f36/70774a10-3213-11ef-b3c3-522b9ae6b55f_25851533.jpg",
      "categories": [
        "DROGERIE A KOSMETIKA",
        "MÝDLA A GELY"
      ],
      "prices": [
        {
          "store_name": "Albert",
          "price": null,
          "original_price": null,
          "unit_price": 179.8,
          "unit": "l",
          "package_size": "500 ml",
          "condition": "Sleva"
        }
      ],
      "description": null
    },
    {
      "name": "7Days Croissant náplň kakaová",
      "brand": "7Days",
      "product_url": "https://wolt.com/cs/cze/prague/venue/albert-vinohradska/7days-croissant-napln-kakaova-itemid-6601e139a51e7fff8ad8005a",
      "image_url": "https://imageproxy.wolt.com/menu/menu-images/6601c613e48d1c8d95333085/7762937c-eae5-11ee-89f8-4a7a54ed4665_27843918.jpg",
      "categories": [
        "PEKÁRNA A CUKRÁRNA",
        "SLADKÉ PEČIVO BALENÉ"
      ],
      "prices": [
        {
          "store_name": "Albert",
          "price": 23.9,
          "original_price": null,
          "unit_price": 298.75,
          "unit": "Kg",
          "package_size": "80 g",
          "condition": null
        }
      ],
      "description": null
    },
    {
      "name": "Dr. Oetker Aroma rumové",
      "brand": "Dr. Oetker",
      "product_url": "https://wolt.com/cs/cze/prague/venue/albert-vinohradska/dr-oetker-aroma-rumove-itemid-64ca0b7cba162577de488c63",
      "image_url": "https://imageproxy.wolt.com/menu/menu-images/63ad795db242366d1f818f36/fcc53df8-a8e9-11f0-97d3-0ebae8346adc_24219563.jpg",
      "categories": [
        "TRVANLIVÉ",
        "PEČENÍ A VAŘENÍ"
      ],
      "prices": [
        {
          "store_name": "Albert",
          "price": 39.9,
          "original_price": null,
          "unit_price": 1050.0,
          "unit": "Kg",
          "package_size": "38 g",
          "condition": null
        }
      ],
      "description": null
    },
    {
      "name": "Choceňský jogurt smetanový bílý",
      "brand": "Choceňský",
      "product_url": "https://wolt.com/cs/cze/prague/venue/albert-vinohradska/chocensky-jogurt-smetanovy-bily-itemid-64ca0b7cba162577de4891ee",
      "image_url": "https://imageproxy.wolt.com/menu/menu-images/64ffec4406cca0140dfab831/1186adf8-8eac-11ee-b352-1af7753b7a63_20293932.jpg",
      "categories": [
        "MLÉČNÉ A CHLAZENÉ",
        "JOGURTY A DEZERTY"
      ],
      "prices": [
        {
          "store_name": "Albert",
          "price": 17.9,
          "original_price": null,
          "unit_price": 119.33,
          "unit": "Kg",
          "package_size": "150 g",
          "condition": null
        }
      ],
      "description": null
    },
    {
      "name": "Nature's Promise Bio Müsli rozinky a kokos",
      "brand": "Nature's Promise",
      "product_url": "https://wolt.com/cs/cze/prague/venue/albert-vinohradska/nature-s-promise-bio-musli-rozinky-a-kokos-itemid-681b5abffcbd67bf7a8f49e6",
      "image_url": "https://imageproxy.wolt.com/menu/menu-images/63ad795db242366d1f818f36/a5ffaa0a-2b47-11f0-ab8e-32355d9e9232_27941263.jpg",
      "categories": [
        "TRVANLIVÉ",
        "MÜSLI A CEREÁLIE"
      ],
      "prices": [
        {
          "store_name": "Albert",
          "price": null,
          "original_price": null,
          "unit_price": 171.14,
          "unit": "Kg",
          "package_size": "350 g",
          "condition": "Sleva"
        }
      ],
      "description": null
    },
    {
      "name": "Pedro Tutti Frutti želé",
      "brand": "Pedro",
      "product_url": "https://wolt.com/cs/cze/prague/venue/albert-vinohradska/pedro-tutti-frutti-zele-itemid-64ca0b7cba162577de4890fa",
      "image_url": "https://imageproxy.wolt.com/menu/menu-images/64ffec4406cca0140dfab831/dd5e010e-8eb8-11ee-a5c1-1ec840397d06_26307725.jpg",
      "categories": [
        "TRVANLIVÉ",
        "SLADKOSTI"
      ],
      "prices": [
        {
          "store_name": "Albert",
          "price": 23.9,
          "original_price": null,
          "unit_price": 298.75,
          "unit": "Kg",
          "package_size": "80 g",
          "condition": null
        }
      ],
      "description": null
    },
    {
      "name": "Albert Zmrzlina banán a karamel",
      "brand": "Albert",
      "product_url": "https://wolt.com/cs/cze/prague/venue/albert-vinohradska/albert-zmrzlina-banan-a-karamel-itemid-6876153a0c6218e9f3e5f431",
      "image_url": "https://imageproxy.wolt.com/menu/menu-images/64b62ec5e5ab70cdc92e30f0/fa7850e8-616e-11f0-8bac-d632d2986739_26368894.jpg",
      "categories": [
        "MRAŽENÉ POTRAVINY",
        "ZMRZLINA A NANUKY"
      ],
      "prices": [
        {
          "store_name": "Albert",
          "price": 129.9,
          "original_price": null,
          "unit_price": 144.33,
          "unit": "l",
          "package_size": "900 ml",
          "condition": null
        }
      ],
      "description": null
    },
    {
      "name": "Parodontax Fluoride zubní pasta",
      "brand": "Parodontax",
      "product_url": "https://wolt.com/cs/cze/prague/venue/albert-vinohradska/parodontax-fluoride-zubni-pasta-itemid-64ca0b7cba162577de489ce3",
      "image_url": "https://imageproxy.wolt.com/menu/menu-images/63ad795db242366d1f818f36/2e5bd0e2-0608-11ef-88be-ae2be28bebd7_22596888.jpg",
      "categories": [
        "DROGERIE A KOSMETIKA",
        "ÚSTNÍ HYGIENA"
      ],
      "prices": [
        {
          "store_name": "Albert",
          "price": null,
          "original_price": null,
          "unit_price": 1132.0,
          "unit": "l",
          "package_size": "75 ml",
          "condition": "Sleva"
        }
      ],
      "description": null
    },
    {
      "name": "Opavia Zlaté Koka sušenky s kokosem a kakaem",
      "brand": "Opavia",
      "product_url": "https://wolt.com/cs/cze/prague/venue/albert-vinohradska/opavia-zlate-koka-susenky-s-kokosem-a-kakaem-itemid-64ca0b7cba162577de488493",
      "image_url": "https://imageproxy.wolt.com/menu/menu-images/63ad795db242366d1f818f36/0f6ae29c-d996-11ef-bb67-ea4c182e917a_22129703.jpg",
      "categories": [
        "TRVANLIVÉ",
        "SLADKOSTI"
      ],
      "prices": [
        {
          "store_name": "Albert",
          "price": 34.9,
          "original_price": null,
          "unit_price": 193.89,
          "unit": "Kg",
          "package_size": "180 g",
          "condition": null
        }
      ],
      "description": null
    },
    {
      "name": "Silan Aromatherapy Magic Magnolia aviváž",
      "brand": "Silan",
      "product_url": "https://wolt.com/cs/cze/prague/venue/albert-vinohradska/silan-aromatherapy-magic-magnolia-avivaz-itemid-657233256818b938df948c2e",
      "image_url": "https://imageproxy.wolt.com/menu/menu-images/6745ec28c3b7723db3588430/23ac8c3e-da6b-11f0-a6e3-62701bdf927a_27766996.jpg",
      "categories": [
        "DROGERIE A KOSMETIKA",
        "PRACÍ PROSTŘEDKY"
      ],
      "prices": [
        {
          "store_name": "Albert",
          "price": 99.9,
          "original_price": null,
          "unit_price": 2.0,
          "unit": "ks",
          "package_size": "‪50‬ kusů",
          "condition": null
        }
      ],
      "description": null
    },
    {
      "name": "Originální brambůrky Kroužky jarní cibulka",
      "brand": null,
      "product_url": "https://wolt.com/cs/cze/prague/venue/albert-vinohradska/originalni-bramburky-krouzky-jarni-cibulka-itemid-64ca0b7cba162577de48946b",
      "image_url": "https://imageproxy.wolt.com/menu/menu-images/64ffec4406cca0140dfab831/13daef6e-8ec1-11ee-aea8-261fd742ff1a_27213681.jpg",
      "categories": [
        "TRVANLIVÉ",
        "SLANÉ"
      ],
      "prices": [
        {
          "store_name": "Albert",
          "price": 16.9,
          "original_price": null,
          "unit_price": 338.0,
          "unit": "Kg",
          "package_size": "50 g",
          "condition": null
        }
      ],
      "description": null
    },
    {
      "name": "Delicata Mléčná čokoláda",
      "brand": "Delicata",
      "product_url": "https://wolt.com/cs/cze/prague/venue/albert-vinohradska/delicata-mlecna-cokolada-itemid-64ca0b7cba162577de4893fe",
      "image_url": "https://imageproxy.wolt.com/menu/menu-images/64ffec4406cca0140dfab831/2585d1b4-8ec8-11ee-9e73-bad10d590585_27706589.jpg",
      "categories": [
        "TRVANLIVÉ",
        "SLADKOSTI"
      ],
      "prices": [
        {
          "store_name": "Albert",
          "price": 39.9,
          "original_price": null,
          "unit_price": 399.0,
          "unit": "Kg",
          "package_size": "100 g",
          "condition": null
        }
      ],
      "description": null
    },
    {
      "name": "Bonduelle Créatif Mexico",
      "brand": "Bonduelle",
      "product_url": "https://wolt.com/cs/cze/prague/venue/albert-vinohradska/bonduelle-creatif-mexico-itemid-64ca0b7cba162577de489755",
      "image_url": "https://imageproxy.wolt.com/menu/menu-images/64ffec4406cca0140dfab831/4f6e2eaa-8eb3-11ee-b2fd-9e446d541704_25000016.jpg",
      "categories": [
        "TRVANLIVÉ",
        "KONZERVOVANÉ POTR."
      ],
      "prices": [
        {
          "store_name": "Albert",
          "price": 39.9,
          "original_price": null,
          "unit_price": 306.92,
          "unit": "Kg",
          "package_size": "130 g",
          "condition": null
        }
      ],
      "description": null
    },
    {
      "name": "Fabio Olej ve spreji slunečnicový a řepkový",
      "brand": "Fabio",
      "product_url": "https://wolt.com/cs/cze/prague/venue/albert-vinohradska/fabio-olej-ve-spreji-slunecnicovy-a-repkovy-itemid-657233256818b938df948ad4",
      "image_url": "https://imageproxy.wolt.com/menu/menu-images/64ffec4406cca0140dfab831/b94bc6cc-8ec5-11ee-9d3e-fe512f326f5c_27570777.jpg",
      "categories": [
        "TRVANLIVÉ",
        "OLEJE A OCTY"
      ],
      "prices": [
        {
          "store_name": "Albert",
          "price": 134.9,
          "original_price": null,
          "unit_price": 539.6,
          "unit": "l",
          "package_size": "250 ml",
          "condition": null
        }
      ],
      "description": null
    },
    {
      "name": "Pickwick Ovocný čaj pomeranč",
      "brand": "Pickwick",
      "product_url": "https://wolt.com/cs/cze/prague/venue/albert-vinohradska/pickwick-ovocny-caj-pomeranc-itemid-64ca0b7cba162577de4899dd",
      "image_url": "https://imageproxy.wolt.com/menu/menu-images/64ffec4406cca0140dfab831/397cb5d0-8ebd-11ee-9cc1-963b628c98c7_26928326.jpg",
      "categories": [
        "NÁPOJE",
        "KÁVA A ČAJ"
      ],
      "prices": [
        {
          "store_name": "Albert",
          "price": 32.9,
          "original_price": null,
          "unit_price": 822.5,
          "unit": "Kg",
          "package_size": "40 g",
          "condition": null
        }
      ],
      "description": null
    },
    {
      "name": "Olma Zlatá Haná k namazání",
      "brand": "Olma",
      "product_url": "https://wolt.com/cs/cze/prague/venue/albert-vinohradska/olma-zlata-hana-k-namazani-itemid-657233256818b938df948b2c",
      "image_url": "https://imageproxy.wolt.com/menu/menu-images/64ffec4406cca0140dfab831/36518a6e-8ec4-11ee-9b99-6e0f65c8f049_27454572.jpg",
      "categories": [
        "MLÉČNÉ A CHLAZENÉ",
        "MÁSLO A TUKY"
      ],
      "prices": [
        {
          "store_name": "Albert",
          "price": 48.9,
          "original_price": null,
          "unit_price": 195.6,
          "unit": "Kg",
          "package_size": "250 g",
          "condition": null
        }
      ],
      "description": null
    },
    {
      "name": "Opavia Bebe Dobré ráno Naměkko cereální bochánek",
      "brand": "Opavia",
      "product_url": "https://wolt.com/cs/cze/prague/venue/albert-vinohradska/opavia-bebe-dobre-rano-namekko-cerealni-bochanek-itemid-64ca0b7cba162577de4895e5",
      "image_url": "https://imageproxy.wolt.com/menu/menu-images/63ad795db242366d1f818f36/eeb344bc-f8ef-11ef-8d8a-32ffc6521b86_26934822.jpg",
      "categories": [
        "TRVANLIVÉ",
        "SLADKOSTI"
      ],
      "prices": [
        {
          "store_name": "Albert",
          "price": 16.9,
          "original_price": null,
          "unit_price": 338.0,
          "unit": "Kg",
          "package_size": "50 g",
          "condition": null
        }
      ],
      "description": null
    },
    {
      "name": "Caffe Gondoliere Red Melange Instantní káva",
      "brand": "Caffe",
      "product_url": "https://wolt.com/cs/cze/prague/venue/albert-vinohradska/caffe-gondoliere-red-melange-instantni-kava-itemid-64ca0b7cba162577de489a97",
      "image_url": "https://imageproxy.wolt.com/menu/menu-images/64ffec4406cca0140dfab831/d105f5c4-8ec2-11ee-a268-eadfee8d92ce_27329511.jpg",
      "categories": [
        "NÁPOJE",
        "KÁVA A ČAJ"
      ],
      "prices": [
        {
          "store_name": "Albert",
          "price": 129.9,
          "original_price": null,
          "unit_price": 649.5,
          "unit": "Kg",
          "package_size": "200 g",
          "condition": null
        }
      ],
      "description": null
    },
    {
      "name": "Alpro Kokosový nápoj",
      "brand": "Alpro",
      "product_url": "https://wolt.com/cs/cze/prague/venue/albert-vinohradska/alpro-kokosovy-napoj-itemid-64ca0b7cba162577de4899be",
      "image_url": "https://imageproxy.wolt.com/menu/menu-images/64ffec4406cca0140dfab831/7abccb74-8eb9-11ee-b9e2-325d7328b531_26432700.jpg",
      "categories": [
        "MLÉČNÉ A CHLAZENÉ",
        "ROSTLINNÉ PRODUKTY"
      ],
      "prices": [
        {
          "store_name": "Albert",
          "price": 86.9,
          "original_price": null,
          "unit_price": 86.9,
          "unit": "l",
          "package_size": "1 l",
          "condition": null
        }
      ],
      "description": null
    },
    {
      "name": "Oreo v bílé polevě",
      "brand": "Oreo",
      "product_url": "https://wolt.com/cs/cze/prague/venue/albert-vinohradska/oreo-v-bile-poleve-itemid-64ca0b7cba162577de489461",
      "image_url": "https://imageproxy.wolt.com/menu/menu-images/63ad795db242366d1f818f36/350df0bc-d995-11ef-b747-36e8e7b9c654_26848273.jpg",
      "categories": [
        "TRVANLIVÉ",
        "SLADKOSTI"
      ],
      "prices": [
        {
          "store_name": "Albert",
          "price": 95.9,
          "original_price": null,
          "unit_price": 389.84,
          "unit": "Kg",
          "package_size": "246 g",
          "condition": null
        }
      ],
      "description": null
    },
    {
      "name": "Opavia Tatranky lískooříškové",
      "brand": "Opavia",
      "product_url": "https://wolt.com/cs/cze/prague/venue/albert-vinohradska/opavia-tatranky-liskooriskove-itemid-64ca0b7cba162577de4884f5",
      "image_url": "https://imageproxy.wolt.com/menu/menu-images/63ad795db242366d1f818f36/d5c1a67c-5efa-11ef-a8ec-f616e01ca60e_20300067.jpg",
      "categories": [
        "TRVANLIVÉ",
        "SLADKOSTI"
      ],
      "prices": [
        {
          "store_name": "Albert",
          "price": null,
          "original_price": null,
          "unit_price": 274.47,
          "unit": "Kg",
          "package_size": "47 g",
          "condition": "Sleva"
        }
      ],
      "description": null
    },
    {
      "name": "Orion Ledové kaštany v bílé čokoládě",
      "brand": "Orion",
      "product_url": "https://wolt.com/cs/cze/prague/venue/albert-vinohradska/orion-ledove-kastany-v-bile-cokolade-itemid-64ca0b7cba162577de489e93",
      "image_url": "https://imageproxy.wolt.com/menu/menu-images/64ffec4406cca0140dfab831/47d2abba-8eb5-11ee-af15-166df9adf1b7_25534757.jpg",
      "categories": [
        "TRVANLIVÉ",
        "SLADKOSTI"
      ],
      "prices": [
        {
          "store_name": "Albert",
          "price": 26.9,
          "original_price": null,
          "unit_price": 597.78,
          "unit": "Kg",
          "package_size": "45 g",
          "condition": null
        }
      ],
      "description": null
    },
    {
      "name": "Maggi Dobrý Hostinec Kuře na paprice",
      "brand": "Maggi",
      "product_url": "https://wolt.com/cs/cze/prague/venue/albert-vinohradska/maggi-dobry-hostinec-kure-na-paprice-itemid-64ca0b7cba162577de48895b",
      "image_url": "https://imageproxy.wolt.com/menu/menu-images/64ffec4406cca0140dfab831/57d43fe4-8eae-11ee-889a-96c5aea62654_22174451.jpg",
      "categories": [
        "TRVANLIVÉ",
        "INSTANTNÍ POKRMY"
      ],
      "prices": [
        {
          "store_name": "Albert",
          "price": 54.9,
          "original_price": null,
          "unit_price": 358.82,
          "unit": "Kg",
          "package_size": "153 g",
          "condition": null
        }
      ],
      "description": null
    },
    {
      "name": "Opavia Kolonáda oplatky s hořkou čokoládou",
      "brand": "Opavia",
      "product_url": "https://wolt.com/cs/cze/prague/venue/albert-vinohradska/opavia-kolonada-oplatky-s-horkou-cokoladou-itemid-64ca0b7cba162577de4881bd",
      "image_url": "https://imageproxy.wolt.com/menu/menu-images/64ffec4406cca0140dfab831/b228e702-8eb2-11ee-9648-16e6bf59122a_24855907.jpg",
      "categories": [
        "TRVANLIVÉ",
        "SLADKOSTI"
      ],
      "prices": [
        {
          "store_name": "Albert",
          "price": 54.9,
          "original_price": null,
          "unit_price": 596.74,
          "unit": "Kg",
          "package_size": "92 g",
          "condition": null
        }
      ],
      "description": null
    },
    {
      "name": "Red Bull energy drink",
      "brand": "Red",
      "product_url": "https://wolt.com/cs/cze/prague/venue/albert-vinohradska/red-bull-energy-drink-itemid-64ca0b7cba162577de489dce",
      "image_url": "https://imageproxy.wolt.com/menu/menu-images/64ffec4406cca0140dfab831/31e562a6-8eac-11ee-8d86-0e65b1b3f66c_20298258.jpg",
      "categories": [
        "NÁPOJE",
        "ENERGY NÁPOJE"
      ],
      "prices": [
        {
          "store_name": "Albert",
          "price": 32.9,
          "original_price": null,
          "unit_price": 131.6,
          "unit": "l",
          "package_size": "250 ml",
          "condition": null
        }
      ],
      "description": null
    },
    {
      "name": "Nature's Promise Bio Pomazánka červená řepa",
      "brand": "Nature's Promise",
      "product_url": "https://wolt.com/cs/cze/prague/venue/albert-vinohradska/nature-s-promise-bio-pomazanka-cervena-repa-itemid-651c87973162b3ed0a39f387",
      "image_url": "https://imageproxy.wolt.com/menu/menu-images/64ffec4406cca0140dfab831/901920d6-8ec7-11ee-a34d-4eeff7c63e9c_27664759.jpg",
      "categories": [
        "UZENINY A LAHŮDKY",
        "SALÁTY A POMAZÁNKY"
      ],
      "prices": [
        {
          "store_name": "Albert",
          "price": null,
          "original_price": null,
          "unit_price": 157.02,
          "unit": "Kg",
          "package_size": "235 g",
          "condition": "Sleva"
        }
      ],
      "description": null
    },
    {
      "name": "Harvest Moon dezert kokosový natur",
      "brand": "Harvest",
      "product_url": "https://wolt.com/cs/cze/prague/venue/albert-vinohradska/harvest-moon-dezert-kokosovy-natur-itemid-64ca0b7cba162577de489ad5",
      "image_url": "https://imageproxy.wolt.com/menu/menu-images/64ffec4406cca0140dfab831/fcc34d32-8ec3-11ee-b326-5e4be69f0c6c_27435403.jpg",
      "categories": [
        "MLÉČNÉ A CHLAZENÉ",
        "ROSTLINNÉ PRODUKTY"
      ],
      "prices": [
        {
          "store_name": "Albert",
          "price": 59.9,
          "original_price": null,
          "unit_price": 217.82,
          "unit": "Kg",
          "package_size": "275 g",
          "condition": null
        }
      ],
      "description": null
    },
    {
      "name": "Albert Cottage Cheese light",
      "brand": "Albert",
      "product_url": "https://wolt.com/cs/cze/prague/venue/albert-vinohradska/albert-cottage-cheese-light-itemid-657233256818b938df947839",
      "image_url": "https://imageproxy.wolt.com/menu/menu-images/64ffec4406cca0140dfab831/f89c7626-8ec7-11ee-8f50-bed63d7a3e3f_27692776.jpg",
      "categories": [
        "MLÉČNÉ A CHLAZENÉ",
        "SÝRY"
      ],
      "prices": [
        {
          "store_name": "Albert",
          "price": 26.9,
          "original_price": null,
          "unit_price": 134.5,
          "unit": "Kg",
          "package_size": "200 g",
          "condition": "Vyprodáno"
        }
      ],
      "description": null
    },
    {
      "name": "World's Market Salsa jemná",
      "brand": "World's Market",
      "product_url": "https://wolt.com/cs/cze/prague/venue/albert-vinohradska/world-s-market-salsa-jemna-itemid-64ca0b7cba162577de489abe",
      "image_url": "https://imageproxy.wolt.com/menu/menu-images/63ad795db242366d1f818f36/2403ca4e-d671-11ee-b61b-4a8b50b9e4f9_25025699.jpg",
      "categories": [
        "TRVANLIVÉ",
        "SLANÉ"
      ],
      "prices": [
        {
          "store_name": "Albert",
          "price": 54.9,
          "original_price": null,
          "unit_price": 183.0,
          "unit": "Kg",
          "package_size": "300 g",
          "condition": null
        }
      ],
      "description": null
    },
    {
      "name": "Albert Kečup jemný",
      "brand": "Albert",
      "product_url": "https://wolt.com/cs/cze/prague/venue/albert-vinohradska/albert-kecup-jemny-itemid-64ca0b7cba162577de48840d",
      "image_url": "https://imageproxy.wolt.com/menu/menu-images/64ffec4406cca0140dfab831/96b22448-8ec1-11ee-a232-2e546726778e_27256053.jpg",
      "categories": [
        "TRVANLIVÉ",
        "KEČUPY A HOŘČICE"
      ],
      "prices": [
        {
          "store_name": "Albert",
          "price": 49.9,
          "original_price": null,
          "unit_price": 99.8,
          "unit": "Kg",
          "package_size": "500 g",
          "condition": null
        }
      ],
      "description": null
    },
    {
      "name": "Softe Sprchový gel sensitive",
      "brand": "Softe",
      "product_url": "https://wolt.com/cs/cze/prague/venue/albert-vinohradska/softe-sprchovy-gel-sensitive-itemid-681b5abffcbd67bf7a8f4b2c",
      "image_url": "https://imageproxy.wolt.com/menu/menu-images/63ad795db242366d1f818f36/88f337d8-2b47-11f0-afb6-2e2a102d9ad7_27919408.jpg",
      "categories": [
        "DROGERIE A KOSMETIKA",
        "PÉČE O TĚLO"
      ],
      "prices": [
        {
          "store_name": "Albert",
          "price": 34.9,
          "original_price": null,
          "unit_price": 87.25,
          "unit": "l",
          "package_size": "400 ml",
          "condition": null
        }
      ],
      "description": null
    },
    {
      "name": "Tuc Bake Rolls česnek",
      "brand": "Tuc",
      "product_url": "https://wolt.com/cs/cze/prague/venue/albert-vinohradska/tuc-bake-rolls-cesnek-itemid-64ca0b7cba162577de489885",
      "image_url": "https://imageproxy.wolt.com/menu/menu-images/63ad795db242366d1f818f36/fbd222de-7825-11f0-9097-6ae3417a4563_23495258.jpg",
      "categories": [
        "TRVANLIVÉ",
        "SLANÉ"
      ],
      "prices": [
        {
          "store_name": "Albert",
          "price": 28.9,
          "original_price": null,
          "unit_price": 361.25,
          "unit": "Kg",
          "package_size": "80 g",
          "condition": null
        }
      ],
      "description": null
    },
    {
      "name": "Nature's Promise Čerstvé mléko polotučné bez lakt.",
      "brand": "Nature's Promise",
      "product_url": "https://wolt.com/cs/cze/prague/venue/albert-vinohradska/nature-s-promise-cerstve-mleko-polotucne-bez-lakt-itemid-64ca0b7cba162577de4892d6",
      "image_url": "https://imageproxy.wolt.com/menu/menu-images/63ad795db242366d1f818f36/a458ae00-aef6-11ee-8687-f27f6efdf708_26374970.jpg",
      "categories": [
        "MLÉČNÉ A CHLAZENÉ",
        "MLÉČNÉ NÁPOJE"
      ],
      "prices": [
        {
          "store_name": "Albert",
          "price": null,
          "original_price": null,
          "unit_price": 28.9,
          "unit": "l",
          "package_size": "1 l",
          "condition": "Sleva"
        }
      ],
      "description": null
    },
    {
      "name": "Crispy pillows Polštářky s čokoládovou příchutí",
      "brand": "Crispy",
      "product_url": "https://wolt.com/cs/cze/prague/venue/albert-vinohradska/crispy-pillows-polstarky-s-cokoladovou-prichuti-itemid-64ca0b7cba162577de488b6d",
      "image_url": "https://imageproxy.wolt.com/menu/menu-images/64ffec4406cca0140dfab831/6c2bb59c-8eb5-11ee-a87a-8e381a14ed80_25551747.jpg",
      "categories": [
        "TRVANLIVÉ",
        "MÜSLI A CEREÁLIE"
      ],
      "prices": [
        {
          "store_name": "Albert",
          "price": null,
          "original_price": null,
          "unit_price": 132.67,
          "unit": "Kg",
          "package_size": "150 g",
          "condition": "Sleva"
        }
      ],
      "description": null
    },
    {
      "name": "Kitbis Želé medvídci",
      "brand": "Kitbis",
      "product_url": "https://wolt.com/cs/cze/prague/venue/albert-vinohradska/kitbis-zele-medvidci-itemid-64ca0b7cba162577de4899f8",
      "image_url": "https://imageproxy.wolt.com/menu/menu-images/64ffec4406cca0140dfab831/a9bb6e4a-8eb3-11ee-a71e-aa70cbf91f77_25093902.jpg",
      "categories": [
        "TRVANLIVÉ",
        "SLADKOSTI"
      ],
      "prices": [
        {
          "store_name": "Albert",
          "price": 59.9,
          "original_price": null,
          "unit_price": 119.8,
          "unit": "Kg",
          "package_size": "500 g",
          "condition": "Vyprodáno"
        }
      ],
      "description": null
    },
    {
      "name": "Maoam Bloxx karamely ovocná a kolová příchuť",
      "brand": "Maoam",
      "product_url": "https://wolt.com/cs/cze/prague/venue/albert-vinohradska/maoam-bloxx-karamely-ovocna-a-kolova-prichut-itemid-64ca0b7cba162577de489a5c",
      "image_url": "https://imageproxy.wolt.com/menu/menu-images/64ffec4406cca0140dfab831/8744c704-8ec1-11ee-a5c9-3aebc6ac32b3_27252987.jpg",
      "categories": [
        "TRVANLIVÉ",
        "SLADKOSTI"
      ],
      "prices": [
        {
          "store_name": "Albert",
          "price": 25.9,
          "original_price": null,
          "unit_price": 235.45,
          "unit": "Kg",
          "package_size": "110 g",
          "condition": null
        }
      ],
      "description": null
    },
    {
      "name": "Sedita Lina Arašídová mléčná",
      "brand": "Sedita",
      "product_url": "https://wolt.com/cs/cze/prague/venue/albert-vinohradska/sedita-lina-arasidova-mlecna-itemid-657233256818b938df948abe",
      "image_url": "https://imageproxy.wolt.com/menu/menu-images/63ad795db242366d1f818f36/47a4f388-0b7d-11ef-b913-a6033e6e4782_27793787.jpg",
      "categories": [
        "TRVANLIVÉ",
        "SLADKOSTI"
      ],
      "prices": [
        {
          "store_name": "Albert",
          "price": 21.9,
          "original_price": null,
          "unit_price": 438.0,
          "unit": "Kg",
          "package_size": "50 g",
          "condition": null
        }
      ],
      "description": null
    },
    {
      "name": "Jupí Sirup pomeranč",
      "brand": "Jupí",
      "product_url": "https://wolt.com/cs/cze/prague/venue/albert-vinohradska/jupi-sirup-pomeranc-itemid-64ca0b7cba162577de48951d",
      "image_url": "https://imageproxy.wolt.com/menu/menu-images/63ad795db242366d1f818f36/2a4aabbc-4e4d-11ef-992e-060b841429eb_22868909.jpg",
      "categories": [
        "NÁPOJE",
        "SIRUPY A KONCENTRÁTY"
      ],
      "prices": [
        {
          "store_name": "Albert",
          "price": 54.9,
          "original_price": null,
          "unit_price": 78.43,
          "unit": "l",
          "package_size": "700 ml",
          "condition": null
        }
      ],
      "description": null
    },
    {
      "name": "Veselá Kráva Sýr a Křup",
      "brand": "Veselá",
      "product_url": "https://wolt.com/cs/cze/prague/venue/albert-vinohradska/vesela-krava-syr-a-krup-itemid-64ca0b7cba162577de489a0c",
      "image_url": "https://imageproxy.wolt.com/menu/menu-images/63ad795db242366d1f818f36/1a428340-66b0-11ef-b276-32d30734df21_22602817.jpg",
      "categories": [
        "MLÉČNÉ A CHLAZENÉ",
        "SÝRY"
      ],
      "prices": [
        {
          "store_name": "Albert",
          "price": null,
          "original_price": null,
          "unit_price": 511.43,
          "unit": "Kg",
          "package_size": "35 g",
          "condition": "Sleva"
        }
      ],
      "description": null
    },
    {
      "name": "Albert Ginger shot jablko a zázvor",
      "brand": "Albert",
      "product_url": "https://wolt.com/cs/cze/prague/venue/albert-vinohradska/albert-ginger-shot-jablko-a-zazvor-itemid-64ca0b7cba162577de489ae3",
      "image_url": "https://imageproxy.wolt.com/menu/menu-images/63ad795db242366d1f818f36/cad2891a-0609-11ef-84fc-8ef695efc954_27698488.jpg",
      "categories": [
        "NÁPOJE",
        "DŽUSY A NEKTARY"
      ],
      "prices": [
        {
          "store_name": "Albert",
          "price": 42.9,
          "original_price": null,
          "unit_price": 238.33,
          "unit": "l",
          "package_size": "180 ml",
          "condition": null
        }
      ],
      "description": null
    },
    {
      "name": "Albert Tavený smetanový sýr",
      "brand": "Albert",
      "product_url": "https://wolt.com/cs/cze/prague/venue/albert-vinohradska/albert-taveny-smetanovy-syr-itemid-64ca0b7cba162577de488135",
      "image_url": "https://imageproxy.wolt.com/menu/menu-images/64ffec4406cca0140dfab831/d1cd892c-8eb8-11ee-85f0-1ec840397d06_26280530.jpg",
      "categories": [
        "MLÉČNÉ A CHLAZENÉ",
        "SÝRY"
      ],
      "prices": [
        {
          "store_name": "Albert",
          "price": 28.9,
          "original_price": null,
          "unit_price": 192.67,
          "unit": "Kg",
          "package_size": "150 g",
          "condition": null
        }
      ],
      "description": null
    },
    {
      "name": "Syoss Anti-Dandruff šampon proti lupům",
      "brand": "Syoss",
      "product_url": "https://wolt.com/cs/cze/prague/venue/albert-vinohradska/syoss-anti-dandruff-sampon-proti-lupum-itemid-657233256818b938df947e19",
      "image_url": "https://imageproxy.wolt.com/menu/menu-images/63ad795db242366d1f818f36/c8335a48-f8ef-11ef-b5c6-1699cfd5b94b_25065183.jpg",
      "categories": [
        "DROGERIE A KOSMETIKA",
        "PÉČE O VLASY"
      ],
      "prices": [
        {
          "store_name": "Albert",
          "price": 153.0,
          "original_price": null,
          "unit_price": 347.73,
          "unit": "l",
          "package_size": "440 ml",
          "condition": null
        }
      ],
      "description": null
    },
    {
      "name": "KitKat 4 Finger Oplatka v mléčné čokoládě",
      "brand": "KitKat",
      "product_url": "https://wolt.com/cs/cze/prague/venue/albert-vinohradska/kitkat-4-finger-oplatka-v-mlecne-cokolade-itemid-64ca0b7cba162577de488869",
      "image_url": "https://imageproxy.wolt.com/menu/menu-images/63ad795db242366d1f818f36/fad3e8fa-a8e9-11f0-a90f-82afdeeef92c_23970601.jpg",
      "categories": [
        "TRVANLIVÉ",
        "SLADKOSTI"
      ],
      "prices": [
        {
          "store_name": "Albert",
          "price": 14.9,
          "original_price": null,
          "unit_price": 354.76,
          "unit": "Kg",
          "package_size": "42 g",
          "condition": "Vyprodáno"
        }
      ],
      "description": null
    },
    {
      "name": "Akinu Krmivo pro hlodavce",
      "brand": "Akinu",
      "product_url": "https://wolt.com/cs/cze/prague/venue/albert-vinohradska/akinu-krmivo-pro-hlodavce-itemid-64ca0b7cba162577de488e07",
      "image_url": "https://imageproxy.wolt.com/menu/menu-images/64ffec4406cca0140dfab831/006c62ec-8eb6-11ee-a496-aa70cbf91f77_25674408.jpg",
      "categories": [
        "ZVÍŘATA",
        "MALÁ ZVÍŘATA"
      ],
      "prices": [
        {
          "store_name": "Albert",
          "price": 81.9,
          "original_price": null,
          "unit_price": 40.95,
          "unit": "Kg",
          "package_size": "2 kg",
          "condition": null
        }
      ],
      "description": null
    },
    {
      "name": "Milka Mléčná čokoláda s drcenými ořechy",
      "brand": "Milka",
      "product_url": "https://wolt.com/cs/cze/prague/venue/albert-vinohradska/milka-mlecna-cokolada-s-drcenymi-orechy-itemid-64ca0b7cba162577de4885c9",
      "image_url": "https://imageproxy.wolt.com/menu/menu-images/63ad795db242366d1f818f36/ae1afb34-f8ef-11ef-b46d-2a2a49de5161_20776855.jpg",
      "categories": [
        "TRVANLIVÉ",
        "SLADKOSTI"
      ],
      "prices": [
        {
          "store_name": "Albert",
          "price": null,
          "original_price": null,
          "unit_price": 332.22,
          "unit": "Kg",
          "package_size": "90 g",
          "condition": "Sleva"
        }
      ],
      "description": null
    },
    {
      "name": "Albert Excellent Kozí sýr s medem 40%",
      "brand": "Albert Excellent",
      "product_url": "https://wolt.com/cs/cze/prague/venue/albert-vinohradska/albert-excellent-kozi-syr-s-medem-40-itemid-64ca0b7cba162577de489aa6",
      "image_url": "https://imageproxy.wolt.com/menu/menu-images/63ad795db242366d1f818f36/5fb8be1a-bbe4-11ef-beae-16ba0a475e0a_26120218.jpg",
      "categories": [
        "MLÉČNÉ A CHLAZENÉ",
        "SÝRY"
      ],
      "prices": [
        {
          "store_name": "Albert",
          "price": null,
          "original_price": null,
          "unit_price": null,
          "unit": null,
          "package_size": null,
          "condition": "Sleva, Vyprodáno"
        }
      ],
      "description": null
    },
    {
      "name": "Chupa Chups Lízátko",
      "brand": "Chupa",
      "product_url": "https://wolt.com/cs/cze/prague/venue/albert-vinohradska/chupa-chups-lizatko-itemid-64ca0b7cba162577de488fcf",
      "image_url": "https://imageproxy.wolt.com/menu/menu-images/63ad795db242366d1f818f36/911ceab4-be3e-11f0-b76b-beacfda3ae10_24596312.jpg",
      "categories": [
        "TRVANLIVÉ",
        "SLADKOSTI"
      ],
      "prices": [
        {
          "store_name": "Albert",
          "price": 9.9,
          "original_price": null,
          "unit_price": 825.0,
          "unit": "Kg",
          "package_size": "12 g",
          "condition": null
        }
      ],
      "description": null
    },
    {
      "name": "Palmolive Naturals Black Orchid sprchový gel",
      "brand": "Palmolive",
      "product_url": "https://wolt.com/cs/cze/prague/venue/albert-vinohradska/palmolive-naturals-black-orchid-sprchovy-gel-itemid-6601e2d1825ed3814d38404f",
      "image_url": "https://imageproxy.wolt.com/menu/menu-images/63ad795db242366d1f818f36/0df60b56-168e-11ef-8dd5-ba18c4db6d98_25311778.jpg",
      "categories": [
        "DROGERIE A KOSMETIKA",
        "MÝDLA A GELY"
      ],
      "prices": [
        {
          "store_name": "Albert",
          "price": null,
          "original_price": null,
          "unit_price": 199.6,
          "unit": "l",
          "package_size": "250 ml",
          "condition": "Sleva"
        }
      ],
      "description": null
    },
    {
      "name": "Vitana Pyramidky na svíčkovou",
      "brand": "Vitana",
      "product_url": "https://wolt.com/cs/cze/prague/venue/albert-vinohradska/vitana-pyramidky-na-svickovou-itemid-6601fa201f66463b592a7bb8",
      "image_url": "https://imageproxy.wolt.com/menu/menu-images/6601c613e48d1c8d95333085/be752de0-eae2-11ee-b91c-76ff4dd1b7a3_25574753.jpg",
      "categories": [
        "TRVANLIVÉ",
        "KOŘENÍ A OCHUCOVADLA"
      ],
      "prices": [
        {
          "store_name": "Albert",
          "price": 27.9,
          "original_price": null,
          "unit_price": 1395.0,
          "unit": "Kg",
          "package_size": "20 g",
          "condition": null
        }
      ],
      "description": null
    },
    {
      "name": "Pedro Hambáče želé",
      "brand": "Pedro",
      "product_url": "https://wolt.com/cs/cze/prague/venue/albert-vinohradska/pedro-hambace-zele-itemid-64ca0b7cba162577de4884e5",
      "image_url": "https://imageproxy.wolt.com/menu/menu-images/64ffec4406cca0140dfab831/23e54136-8eba-11ee-8a45-7a99d2fb2f9f_26571058.jpg",
      "categories": [
        "TRVANLIVÉ",
        "SLADKOSTI"
      ],
      "prices": [
        {
          "store_name": "Albert",
          "price": 23.9,
          "original_price": null,
          "unit_price": 298.75,
          "unit": "Kg",
          "package_size": "80 g",
          "condition": null
        }
      ],
      "description": null
    },
    {
      "name": "Odol Klasický střední zubní kartáček",
      "brand": "Odol",
      "product_url": "https://wolt.com/cs/cze/prague/venue/albert-vinohradska/odol-klasicky-stredni-zubni-kartacek-itemid-64ca0b7cba162577de489a37",
      "image_url": "https://imageproxy.wolt.com/menu/menu-images/63ad795db242366d1f818f36/38ad0476-0608-11ef-9ec5-eee0e95b6c18_24593601.jpg",
      "categories": [
        "DROGERIE A KOSMETIKA",
        "ÚSTNÍ HYGIENA"
      ],
      "prices": [
        {
          "store_name": "Albert",
          "price": 49.9,
          "original_price": null,
          "unit_price": 24.95,
          "unit": "ks",
          "package_size": "‪2‬ kusů",
          "condition": null
        }
      ],
      "description": null
    },
    {
      "name": "Pickwick Ovocný čaj mango s limetkou a zázvorem",
      "brand": "Pickwick",
      "product_url": "https://wolt.com/cs/cze/prague/venue/albert-vinohradska/pickwick-ovocny-caj-mango-s-limetkou-a-zazvorem-itemid-64ca0b7cba162577de489c02",
      "image_url": "https://imageproxy.wolt.com/menu/menu-images/63ad795db242366d1f818f36/993b0e3c-aef6-11ee-a92a-6aca1a813074_25348361.jpg",
      "categories": [
        "NÁPOJE",
        "KÁVA A ČAJ"
      ],
      "prices": [
        {
          "store_name": "Albert",
          "price": 32.9,
          "original_price": null,
          "unit_price": 940.0,
          "unit": "Kg",
          "package_size": "35 g",
          "condition": null
        }
      ],
      "description": null
    },
    {
      "name": "Albert Majonéza",
      "brand": "Albert",
      "product_url": "https://wolt.com/cs/cze/prague/venue/albert-vinohradska/albert-majoneza-itemid-64ca0b7cba162577de489521",
      "image_url": "https://imageproxy.wolt.com/menu/menu-images/63ad795db242366d1f818f36/a4935cda-aef6-11ee-a90e-6e64ae30d34e_26471679.jpg",
      "categories": [
        "MLÉČNÉ A CHLAZENÉ",
        "MAJONÉZY A TATARKY"
      ],
      "prices": [
        {
          "store_name": "Albert",
          "price": 49.9,
          "original_price": null,
          "unit_price": 124.75,
          "unit": "l",
          "package_size": "400 ml",
          "condition": null
        }
      ],
      "description": null
    },
    {
      "name": "Albert Eidam 45% plátky tenké",
      "brand": "Albert",
      "product_url": "https://wolt.com/cs/cze/prague/venue/albert-vinohradska/albert-eidam-45-platky-tenke-itemid-64ca0b7cba162577de48811b",
      "image_url": "https://imageproxy.wolt.com/menu/menu-images/64ffec4406cca0140dfab831/09ccf8c0-8ebf-11ee-b53a-cef5e19e5e09_27086780.jpg",
      "categories": [
        "MLÉČNÉ A CHLAZENÉ",
        "SÝRY"
      ],
      "prices": [
        {
          "store_name": "Albert",
          "price": 43.9,
          "original_price": null,
          "unit_price": 292.67,
          "unit": "Kg",
          "package_size": "150 g",
          "condition": null
        }
      ],
      "description": null
    },
    {
      "name": "Albert Houbičky na nádobí s abrazivní vrstvou",
      "brand": "Albert",
      "product_url": "https://wolt.com/cs/cze/prague/venue/albert-vinohradska/albert-houbicky-na-nadobi-s-abrazivni-vrstvou-itemid-64ca0b7cba162577de488cd1",
      "image_url": "https://imageproxy.wolt.com/menu/menu-images/64ffec4406cca0140dfab831/5cb03a98-8ebf-11ee-895c-0ece4ee3fc04_27112014.jpg",
      "categories": [
        "DOMÁCNOST A ZAHRADA",
        "ÚKLIDOVÉ POTŘEBY"
      ],
      "prices": [
        {
          "store_name": "Albert",
          "price": 16.9,
          "original_price": null,
          "unit_price": 1.69,
          "unit": "ks",
          "package_size": "‪10‬ kusů",
          "condition": null
        }
      ],
      "description": null
    },
    {
      "name": "Opavia Disko kakaové sušenky mléčná náplň",
      "brand": "Opavia",
      "product_url": "https://wolt.com/cs/cze/prague/venue/albert-vinohradska/opavia-disko-kakaove-susenky-mlecna-napln-itemid-64ca0b7cba162577de4889cf",
      "image_url": "https://imageproxy.wolt.com/menu/menu-images/64ffec4406cca0140dfab831/49a59836-8ec3-11ee-9d2a-22ab4de1c557_27374818.jpg",
      "categories": [
        "TRVANLIVÉ",
        "SLADKOSTI"
      ],
      "prices": [
        {
          "store_name": "Albert",
          "price": 49.9,
          "original_price": null,
          "unit_price": 295.27,
          "unit": "Kg",
          "package_size": "169 g",
          "condition": null
        }
      ],
      "description": null
    },
    {
      "name": "Jupík Aqua jahoda",
      "brand": "Jupík",
      "product_url": "https://wolt.com/cs/cze/prague/venue/albert-vinohradska/jupik-aqua-jahoda-itemid-64ca0b7cba162577de48998a",
      "image_url": "https://imageproxy.wolt.com/menu/menu-images/63ad795db242366d1f818f36/09b9c258-7826-11f0-becb-92d7bdc2e0f5_24656146.jpg",
      "categories": [
        "NÁPOJE",
        "DŽUSY A NEKTARY"
      ],
      "prices": [
        {
          "store_name": "Albert",
          "price": 21.9,
          "original_price": null,
          "unit_price": 43.8,
          "unit": "l",
          "package_size": "500 ml",
          "condition": null
        }
      ],
      "description": null
    },
    {
      "name": "Gran Moravia Sýr extra tvrdý strouhaný",
      "brand": "Gran",
      "product_url": "https://wolt.com/cs/cze/prague/venue/albert-vinohradska/gran-moravia-syr-extra-tvrdy-strouhany-itemid-657233256818b938df94783d",
      "image_url": "https://imageproxy.wolt.com/menu/menu-images/64ffec4406cca0140dfab831/1e29c7fe-8eaf-11ee-8c97-f6745e48ee46_23135178.jpg",
      "categories": [
        "MLÉČNÉ A CHLAZENÉ",
        "SÝRY"
      ],
      "prices": [
        {
          "store_name": "Albert",
          "price": 59.9,
          "original_price": null,
          "unit_price": 998.33,
          "unit": "Kg",
          "package_size": "60 g",
          "condition": null
        }
      ],
      "description": null
    },
    {
      "name": "Albert Turistky čokoládové",
      "brand": "Albert",
      "product_url": "https://wolt.com/cs/cze/prague/venue/albert-vinohradska/albert-turistky-cokoladove-itemid-64ca0b7cba162577de488895",
      "image_url": "https://imageproxy.wolt.com/menu/menu-images/64ffec4406cca0140dfab831/3ad7f3c8-8ec1-11ee-9ce9-22bb34ae47e9_27225011.jpg",
      "categories": [
        "TRVANLIVÉ",
        "SLADKOSTI"
      ],
      "prices": [
        {
          "store_name": "Albert",
          "price": 7.9,
          "original_price": null,
          "unit_price": 175.56,
          "unit": "Kg",
          "package_size": "45 g",
          "condition": null
        }
      ],
      "description": null
    },
    {
      "name": "Opavia Kolonáda lázeňské oplatky lískooříškové",
      "brand": "Opavia",
      "product_url": "https://wolt.com/cs/cze/prague/venue/albert-vinohradska/opavia-kolonada-lazenske-oplatky-liskooriskove-itemid-64ca0b7cba162577de4898bf",
      "image_url": "https://imageproxy.wolt.com/menu/menu-images/64ffec4406cca0140dfab831/a07b62b0-8eac-11ee-a4fe-66832535a71f_20316358.jpg",
      "categories": [
        "TRVANLIVÉ",
        "SLADKOSTI"
      ],
      "prices": [
        {
          "store_name": "Albert",
          "price": 99.9,
          "original_price": null,
          "unit_price": 570.86,
          "unit": "Kg",
          "package_size": "175 g",
          "condition": null
        }
      ],
      "description": null
    },
    {
      "name": "Vitana Hřebíček celý",
      "brand": "Vitana",
      "product_url": "https://wolt.com/cs/cze/prague/venue/albert-vinohradska/vitana-hrebicek-cely-itemid-64ca0b7cba162577de48a2c5",
      "image_url": "https://imageproxy.wolt.com/menu/menu-images/64ffec4406cca0140dfab831/e0a10b5c-8eba-11ee-bdec-2e13ed999a8b_26692074.jpg",
      "categories": [
        "TRVANLIVÉ",
        "KOŘENÍ A OCHUCOVADLA"
      ],
      "prices": [
        {
          "store_name": "Albert",
          "price": 38.9,
          "original_price": null,
          "unit_price": 2161.11,
          "unit": "Kg",
          "package_size": "18 g",
          "condition": null
        }
      ],
      "description": null
    },
    {
      "name": "Vitana Základ jídla čína",
      "brand": "Vitana",
      "product_url": "https://wolt.com/cs/cze/prague/venue/albert-vinohradska/vitana-zaklad-jidla-cina-itemid-64ca0b7cba162577de48a22a",
      "image_url": "https://imageproxy.wolt.com/menu/menu-images/64ffec4406cca0140dfab831/316b906c-8eba-11ee-8a07-7a99d2fb2f9f_26585208.jpg",
      "categories": [
        "TRVANLIVÉ",
        "INSTANTNÍ POKRMY"
      ],
      "prices": [
        {
          "store_name": "Albert",
          "price": 56.9,
          "original_price": null,
          "unit_price": 586.6,
          "unit": "Kg",
          "package_size": "97 g",
          "condition": null
        }
      ],
      "description": null
    },
    {
      "name": "Nature's Promise Bio Mungo fazole",
      "brand": "Nature's Promise",
      "product_url": "https://wolt.com/cs/cze/prague/venue/albert-vinohradska/nature-s-promise-bio-mungo-fazole-itemid-64ca0b7cba162577de48a17a",
      "image_url": "https://imageproxy.wolt.com/menu/menu-images/64ffec4406cca0140dfab831/8e11a2dc-8ebc-11ee-855b-3a3bddbb56de_26848822.jpg",
      "categories": [
        "TRVANLIVÉ",
        "RÝŽE A VAŘENÍ"
      ],
      "prices": [
        {
          "store_name": "Albert",
          "price": 57.9,
          "original_price": null,
          "unit_price": 115.8,
          "unit": "Kg",
          "package_size": "500 g",
          "condition": null
        }
      ],
      "description": null
    },
    {
      "name": "Jarošovská Galánka 10% světlé výčepní",
      "brand": "Jarošovská",
      "product_url": "https://wolt.com/cs/cze/prague/venue/albert-vinohradska/jarosovska-galanka-10-svetle-vycepni-itemid-64ca0b7cba162577de48a509",
      "image_url": "https://imageproxy.wolt.com/menu/menu-images/64ffec4406cca0140dfab831/64ddaa68-8ec2-11ee-a8f9-bed13653e197_27298732.jpg",
      "categories": [
        "NÁPOJE",
        "PIVA"
      ],
      "prices": [
        {
          "store_name": "Albert",
          "price": 66.9,
          "original_price": null,
          "unit_price": 66.9,
          "unit": "l",
          "package_size": "1 l, 4,1% alc",
          "condition": "18+"
        }
      ],
      "description": null
    },
    {
      "name": "Česká chuť Bramborový salát",
      "brand": "Česká chuť",
      "product_url": "https://wolt.com/cs/cze/prague/venue/albert-vinohradska/ceska-chut-bramborovy-salat-itemid-64ca0b7cba162577de488767",
      "image_url": "https://imageproxy.wolt.com/menu/menu-images/64ffec4406cca0140dfab831/94f46dce-8ebb-11ee-ba14-b29f7f1f7f8d_26782195.jpg",
      "categories": [
        "UZENINY A LAHŮDKY",
        "SALÁTY A POMAZÁNKY"
      ],
      "prices": [
        {
          "store_name": "Albert",
          "price": 49.9,
          "original_price": null,
          "unit_price": 99.8,
          "unit": "Kg",
          "package_size": "500 g",
          "condition": null
        }
      ],
      "description": null
    },
    {
      "name": "Orion Pribináček tyčinka s tvarohovou náplní",
      "brand": "Orion",
      "product_url": "https://wolt.com/cs/cze/prague/venue/albert-vinohradska/orion-pribinacek-tycinka-s-tvarohovou-naplni-itemid-66020f5535e64b1375300e61",
      "image_url": "https://imageproxy.wolt.com/menu/menu-images/6601c613e48d1c8d95333085/2dff45a0-eae4-11ee-9ec0-f2c1f47dde5c_27460542.jpg",
      "categories": [
        "TRVANLIVÉ",
        "SLADKOSTI"
      ],
      "prices": [
        {
          "store_name": "Albert",
          "price": null,
          "original_price": null,
          "unit_price": 528.13,
          "unit": "Kg",
          "package_size": "32 g",
          "condition": "Sleva"
        }
      ],
      "description": null
    },
    {
      "name": "Schauma Men Anti-Dandruff Šampón proti lupům",
      "brand": "Schauma",
      "product_url": "https://wolt.com/cs/cze/prague/venue/albert-vinohradska/schauma-men-anti-dandruff-sampon-proti-lupum-itemid-64ca0b7cba162577de489f02",
      "image_url": "https://imageproxy.wolt.com/menu/menu-images/63ad795db242366d1f818f36/68c4da6c-765b-11ef-9a3f-fe207ba74ac3_25011029.jpg",
      "categories": [
        "DROGERIE A KOSMETIKA",
        "PÉČE O VLASY"
      ],
      "prices": [
        {
          "store_name": "Albert",
          "price": 97.9,
          "original_price": null,
          "unit_price": 279.71,
          "unit": "l",
          "package_size": "350 ml",
          "condition": null
        }
      ],
      "description": null
    },
    {
      "name": "Sunar mléčná rýžová kaše na dobrou noc banán",
      "brand": "Sunar",
      "product_url": "https://wolt.com/cs/cze/prague/venue/albert-vinohradska/sunar-mlecna-ryzova-kase-na-dobrou-noc-banan-itemid-64ca0b7cba162577de488b1f",
      "image_url": "https://imageproxy.wolt.com/menu/menu-images/63ad795db242366d1f818f36/832b73fc-0608-11ef-b5bf-621a56ca64fe_25862423.jpg",
      "categories": [
        "DÍTĚ",
        "VÝŽIVA"
      ],
      "prices": [
        {
          "store_name": "Albert",
          "price": 69.9,
          "original_price": null,
          "unit_price": 332.86,
          "unit": "Kg",
          "package_size": "210 g",
          "condition": null
        }
      ],
      "description": null
    },
    {
      "name": "Nestlé cini minis churros cereálie",
      "brand": "Nestlé",
      "product_url": "https://wolt.com/cs/cze/prague/venue/albert-vinohradska/nestle-cini-minis-churros-cerealie-itemid-64ca0b7cba162577de489b75",
      "image_url": "https://imageproxy.wolt.com/menu/menu-images/64ffec4406cca0140dfab831/44a9f6b4-8ec9-11ee-aea3-de55a5c8e569_27744581.jpg",
      "categories": [
        "TRVANLIVÉ",
        "MÜSLI A CEREÁLIE"
      ],
      "prices": [
        {
          "store_name": "Albert",
          "price": 119.9,
          "original_price": null,
          "unit_price": 399.67,
          "unit": "Kg",
          "package_size": "300 g",
          "condition": null
        }
      ],
      "description": null
    },
    {
      "name": "Česká chuť Hranolky do trouby předsmažené",
      "brand": "Česká chuť",
      "product_url": "https://wolt.com/cs/cze/prague/venue/albert-vinohradska/ceska-chut-hranolky-do-trouby-predsmazene-itemid-6876153a0c6218e9f3e5f449",
      "image_url": "https://imageproxy.wolt.com/menu/menu-images/64b62ec5e5ab70cdc92e30f0/0bf159dc-616f-11f0-b63f-626ebdcdde98_26806334.jpg",
      "categories": [
        "MRAŽENÉ POTRAVINY",
        "HRANOLKY"
      ],
      "prices": [
        {
          "store_name": "Albert",
          "price": 54.9,
          "original_price": null,
          "unit_price": 73.2,
          "unit": "Kg",
          "package_size": "750 g",
          "condition": null
        }
      ],
      "description": null
    },
    {
      "name": "Kinder Happy Hippo",
      "brand": "Kinder",
      "product_url": "https://wolt.com/cs/cze/prague/venue/albert-vinohradska/kinder-happy-hippo-itemid-6601e33598bde14928c00cfe",
      "image_url": "https://imageproxy.wolt.com/menu/menu-images/6601c613e48d1c8d95333085/52ac2fdc-eae2-11ee-96cb-3a68d9936760_23310216.jpg",
      "categories": [
        "TRVANLIVÉ",
        "SLADKOSTI"
      ],
      "prices": [
        {
          "store_name": "Albert",
          "price": 20.9,
          "original_price": null,
          "unit_price": 995.24,
          "unit": "Kg",
          "package_size": "21 g",
          "condition": null
        }
      ],
      "description": null
    },
    {
      "name": "Albert Nektar hruškový 50%",
      "brand": "Albert",
      "product_url": "https://wolt.com/cs/cze/prague/venue/albert-vinohradska/albert-nektar-hruskovy-50-itemid-64ca0b7cba162577de48a4be",
      "image_url": "https://imageproxy.wolt.com/menu/menu-images/64ffec4406cca0140dfab831/c79326f2-8ec6-11ee-8d86-22bb34ae47e9_27623466.jpg",
      "categories": [
        "NÁPOJE",
        "DŽUSY A NEKTARY"
      ],
      "prices": [
        {
          "store_name": "Albert",
          "price": 29.9,
          "original_price": null,
          "unit_price": 29.9,
          "unit": "l",
          "package_size": "1 l",
          "condition": null
        }
      ],
      "description": null
    },
    {
      "name": "Nature's Promise Bio Passata",
      "brand": "Nature's Promise",
      "product_url": "https://wolt.com/cs/cze/prague/venue/albert-vinohradska/nature-s-promise-bio-passata-itemid-64ca0b7cba162577de489322",
      "image_url": "https://imageproxy.wolt.com/menu/menu-images/63ad795db242366d1f818f36/e74e0b5a-7827-11f0-bbba-9a3afcb869d0_27528877.jpg",
      "categories": [
        "TRVANLIVÉ",
        "KONZERVOVANÉ POTR."
      ],
      "prices": [
        {
          "store_name": "Albert",
          "price": 29.9,
          "original_price": null,
          "unit_price": 43.33,
          "unit": "Kg",
          "package_size": "690 g",
          "condition": null
        }
      ],
      "description": null
    },
    {
      "name": "Tatra Mléko polotučné 1,5% trvanlivé",
      "brand": "Tatra",
      "product_url": "https://wolt.com/cs/cze/prague/venue/albert-vinohradska/tatra-mleko-polotucne-1-5-trvanlive-itemid-64ca0b7cba162577de4891a4",
      "image_url": "https://imageproxy.wolt.com/menu/menu-images/64ffec4406cca0140dfab831/d47ee852-8eb1-11ee-a593-be8c16d2d45a_24583879.jpg",
      "categories": [
        "MLÉČNÉ A CHLAZENÉ",
        "MLÉČNÉ NÁPOJE"
      ],
      "prices": [
        {
          "store_name": "Albert",
          "price": 20.9,
          "original_price": null,
          "unit_price": 41.8,
          "unit": "l",
          "package_size": "500 ml",
          "condition": null
        }
      ],
      "description": null
    },
    {
      "name": "Hello Rajče 100%",
      "brand": "Hello",
      "product_url": "https://wolt.com/cs/cze/prague/venue/albert-vinohradska/hello-rajce-100-itemid-657233256818b938df947c0d",
      "image_url": "https://imageproxy.wolt.com/menu/menu-images/64ffec4406cca0140dfab831/70e81d94-8eb7-11ee-8bed-1e9e4c6f0bda_25932096.jpg",
      "categories": [
        "NÁPOJE",
        "DŽUSY A NEKTARY"
      ],
      "prices": [
        {
          "store_name": "Albert",
          "price": 26.9,
          "original_price": null,
          "unit_price": 26.9,
          "unit": "l",
          "package_size": "1 l",
          "condition": null
        }
      ],
      "description": null
    },
    {
      "name": "Nature's Promise Bio Pomazánka z oliv Kalamata",
      "brand": "Nature's Promise",
      "product_url": "https://wolt.com/cs/cze/prague/venue/albert-vinohradska/nature-s-promise-bio-pomazanka-z-oliv-kalamata-itemid-681b5abffcbd67bf7a8f49f7",
      "image_url": "https://imageproxy.wolt.com/menu/menu-images/63ad795db242366d1f818f36/a8cba77a-2b47-11f0-9d98-ee60b9491742_27947029.jpg",
      "categories": [
        "TRVANLIVÉ",
        "KONZERVOVANÉ POTR."
      ],
      "prices": [
        {
          "store_name": "Albert",
          "price": null,
          "original_price": null,
          "unit_price": 299.0,
          "unit": "Kg",
          "package_size": "100 g",
          "condition": "Sleva"
        }
      ],
      "description": null
    },
    {
      "name": "Giana Rajčatový protlak",
      "brand": "Giana",
      "product_url": "https://wolt.com/cs/cze/prague/venue/albert-vinohradska/giana-rajcatovy-protlak-itemid-64ca0b7cba162577de489047",
      "image_url": "https://imageproxy.wolt.com/menu/menu-images/63ad795db242366d1f818f36/f75c6b7e-7825-11f0-8cf9-3250991cad55_23368804.jpg",
      "categories": [
        "TRVANLIVÉ",
        "KONZERVOVANÉ POTR."
      ],
      "prices": [
        {
          "store_name": "Albert",
          "price": 17.9,
          "original_price": null,
          "unit_price": 127.86,
          "unit": "Kg",
          "package_size": "140 g",
          "condition": null
        }
      ],
      "description": null
    },
    {
      "name": "Giana Mandarinky",
      "brand": "Giana",
      "product_url": "https://wolt.com/cs/cze/prague/venue/albert-vinohradska/giana-mandarinky-itemid-64ca0b7cba162577de4892fa",
      "image_url": "https://imageproxy.wolt.com/menu/menu-images/63ad795db242366d1f818f36/9b80600a-9796-11ef-818a-0ad563e5991c_21247910.jpg",
      "categories": [
        "TRVANLIVÉ",
        "KONZERVOVANÉ POTR."
      ],
      "prices": [
        {
          "store_name": "Albert",
          "price": 45.9,
          "original_price": null,
          "unit_price": 262.29,
          "unit": "Kg",
          "package_size": "175 g",
          "condition": null
        }
      ],
      "description": null
    },
    {
      "name": "Madeta Romadur 40% měkký zrající sýr",
      "brand": "Madeta",
      "product_url": "https://wolt.com/cs/cze/prague/venue/albert-vinohradska/madeta-romadur-40-mekky-zrajici-syr-itemid-64ca0b7cba162577de4881c9",
      "image_url": "https://imageproxy.wolt.com/menu/menu-images/64ffec4406cca0140dfab831/162eceda-8eac-11ee-b238-3e53a922e9b0_20294335.jpg",
      "categories": [
        "MLÉČNÉ A CHLAZENÉ",
        "SÝRY"
      ],
      "prices": [
        {
          "store_name": "Albert",
          "price": 32.9,
          "original_price": null,
          "unit_price": 329.0,
          "unit": "Kg",
          "package_size": "100 g",
          "condition": null
        }
      ],
      "description": null
    },
    {
      "name": "Dýně máslová",
      "brand": "Dýně",
      "product_url": "https://wolt.com/cs/cze/prague/venue/albert-vinohradska/dyne-maslova-itemid-68b4ae2d3f88e8abcf945a9a",
      "image_url": "https://imageproxy.wolt.com/menu/menu-images/6666a3a295b96e9eba377ef3/e491a854-04c3-11f0-a401-863d6b060851_27674611.jpg",
      "categories": [
        "OVOCE A ZELENINA",
        "ZELENINA"
      ],
      "prices": [
        {
          "store_name": "Albert",
          "price": 69.8,
          "original_price": null,
          "unit_price": null,
          "unit": null,
          "package_size": "~2 kg",
          "condition": null
        }
      ],
      "description": null
    },
    {
      "name": "L'Oréal Paris Elseve Dream Long balzám",
      "brand": "L'Oréal",
      "product_url": "https://wolt.com/cs/cze/prague/venue/albert-vinohradska/l-oreal-paris-elseve-dream-long-balzam-itemid-64ca0b7cba162577de488de7",
      "image_url": "https://imageproxy.wolt.com/menu/menu-images/64ffec4406cca0140dfab831/9ae6506c-8ec0-11ee-bea9-1601976705be_27188996.jpg",
      "categories": [
        "DROGERIE A KOSMETIKA",
        "PÉČE O VLASY"
      ],
      "prices": [
        {
          "store_name": "Albert",
          "price": 159.0,
          "original_price": null,
          "unit_price": 530.0,
          "unit": "l",
          "package_size": "300 ml",
          "condition": null
        }
      ],
      "description": null
    },
    {
      "name": "Česká chuť Vejce z podestýlky, velikost M",
      "brand": "Česká chuť",
      "product_url": "https://wolt.com/cs/cze/prague/venue/albert-vinohradska/ceska-chut-vejce-z-podestylky-velikost-m-itemid-64ca0b7cba162577de489603",
      "image_url": "https://imageproxy.wolt.com/menu/menu-images/64ffec4406cca0140dfab831/cb60611a-8ec5-11ee-a22f-3a9a41c1cb36_27577899.jpg",
      "categories": [
        "MLÉČNÉ A CHLAZENÉ",
        "VEJCE A DROŽDÍ"
      ],
      "prices": [
        {
          "store_name": "Albert",
          "price": 129.9,
          "original_price": null,
          "unit_price": 7.22,
          "unit": "ks",
          "package_size": "‪18‬ kusů",
          "condition": null
        }
      ],
      "description": null
    },
    {
      "name": "Darbo Džem brusinkový",
      "brand": "Darbo",
      "product_url": "https://wolt.com/cs/cze/prague/venue/albert-vinohradska/darbo-dzem-brusinkovy-itemid-64ca0b7cba162577de48a4ce",
      "image_url": "https://imageproxy.wolt.com/menu/menu-images/64ffec4406cca0140dfab831/011e6b04-8eca-11ee-bff9-5a01586eeed4_27768358.jpg",
      "categories": [
        "TRVANLIVÉ",
        "MEDY A SL. POMAZÁNKY"
      ],
      "prices": [
        {
          "store_name": "Albert",
          "price": 119.9,
          "original_price": null,
          "unit_price": 266.44,
          "unit": "Kg",
          "package_size": "450 g",
          "condition": null
        }
      ],
      "description": null
    },
    {
      "name": "Lipton Černý čaj Earl Grey",
      "brand": "Lipton",
      "product_url": "https://wolt.com/cs/cze/prague/venue/albert-vinohradska/lipton-cerny-caj-earl-grey-itemid-64ca0b7cba162577de489d46",
      "image_url": "https://imageproxy.wolt.com/menu/menu-images/64ffec4406cca0140dfab831/33dab05e-8eaf-11ee-a75b-c231a3feaf11_23192379.jpg",
      "categories": [
        "NÁPOJE",
        "KÁVA A ČAJ"
      ],
      "prices": [
        {
          "store_name": "Albert",
          "price": 57.9,
          "original_price": null,
          "unit_price": 1523.68,
          "unit": "Kg",
          "package_size": "38 g",
          "condition": null
        }
      ],
      "description": null
    },
    {
      "name": "Giotti Prosecco DOC",
      "brand": "Giotti",
      "product_url": "https://wolt.com/cs/cze/prague/venue/albert-vinohradska/giotti-prosecco-doc-itemid-681b5abffcbd67bf7a8f4b40",
      "image_url": "https://imageproxy.wolt.com/menu/menu-images/63ad795db242366d1f818f36/13821e28-2b48-11f0-a06c-1e2a5db92972_27998700.jpg",
      "categories": [
        "NÁPOJE",
        "VÍNA"
      ],
      "prices": [
        {
          "store_name": "Albert",
          "price": 139.9,
          "original_price": null,
          "unit_price": 186.53,
          "unit": "l",
          "package_size": "750 ml, 10,5% alc",
          "condition": "18+"
        }
      ],
      "description": null
    },
    {
      "name": "Cibulový chlebík",
      "brand": "Cibulový",
      "product_url": "https://wolt.com/cs/cze/prague/venue/albert-vinohradska/cibulovy-chlebik-itemid-681b5abffcbd67bf7a8f4b59",
      "image_url": "https://imageproxy.wolt.com/menu/menu-images/63ad795db242366d1f818f36/b49a2f36-2b47-11f0-b693-56948a494fb4_27960523.jpg",
      "categories": [
        "PEKÁRNA A CUKRÁRNA",
        "CHLÉB VOLNÝ"
      ],
      "prices": [
        {
          "store_name": "Albert",
          "price": 39.9,
          "original_price": null,
          "unit_price": 110.83,
          "unit": "Kg",
          "package_size": "360 g",
          "condition": "Vyprodáno"
        }
      ],
      "description": null
    },
    {
      "name": "Gillette Simply Venus dámská pohotová holítka",
      "brand": "Gillette",
      "product_url": "https://wolt.com/cs/cze/prague/venue/albert-vinohradska/gillette-simply-venus-damska-pohotova-holitka-itemid-657233256818b938df9479dc",
      "image_url": "https://imageproxy.wolt.com/menu/menu-images/63ad795db242366d1f818f36/8041ba56-bbe4-11ef-8124-ee5ceaac7134_25081572.jpg",
      "categories": [
        "DROGERIE A KOSMETIKA",
        "HOLENÍ A DEPILACE"
      ],
      "prices": [
        {
          "store_name": "Albert",
          "price": 119.9,
          "original_price": null,
          "unit_price": 29.98,
          "unit": "ks",
          "package_size": "‪4‬ kusů",
          "condition": null
        }
      ],
      "description": null
    },
    {
      "name": "Pearl River Bridge Sójová omáčka světlá",
      "brand": "Pearl River Bridge",
      "product_url": "https://wolt.com/cs/cze/prague/venue/albert-vinohradska/pearl-river-bridge-sojova-omacka-svetla-itemid-64ca0b7cba162577de489dfe",
      "image_url": "https://imageproxy.wolt.com/menu/menu-images/64ffec4406cca0140dfab831/61511600-8eae-11ee-aedc-0ad9bf6baf5b_22272409.jpg",
      "categories": [
        "TRVANLIVÉ",
        "MEZINÁRODNÍ KUCHYNĚ"
      ],
      "prices": [
        {
          "store_name": "Albert",
          "price": 49.9,
          "original_price": null,
          "unit_price": 332.67,
          "unit": "l",
          "package_size": "150 ml",
          "condition": null
        }
      ],
      "description": null
    },
    {
      "name": "Ria Normal tampóny",
      "brand": "Ria",
      "product_url": "https://wolt.com/cs/cze/prague/venue/albert-vinohradska/ria-normal-tampony-itemid-64ca0b7cba162577de4899ad",
      "image_url": "https://imageproxy.wolt.com/menu/menu-images/64ffec4406cca0140dfab831/92181152-8eb4-11ee-b6ae-c6aa6b123400_25353990.jpg",
      "categories": [
        "DROGERIE A KOSMETIKA",
        "DÁMSKÉ HYG. POTŘEBY"
      ],
      "prices": [
        {
          "store_name": "Albert",
          "price": null,
          "original_price": null,
          "unit_price": 2.49,
          "unit": "ks",
          "package_size": "‪16‬ kusů",
          "condition": "Sleva"
        }
      ],
      "description": null
    },
    {
      "name": "Old Spice Whitewater tuhý deodorant pro muže",
      "brand": "Old",
      "product_url": "https://wolt.com/cs/cze/prague/venue/albert-vinohradska/old-spice-whitewater-tuhy-deodorant-pro-muze-itemid-64ca0b7cba162577de488f9d",
      "image_url": "https://imageproxy.wolt.com/menu/menu-images/63ad795db242366d1f818f36/30007f66-26ff-11ef-8a58-4ea972993f8d_20696900.jpg",
      "categories": [
        "DROGERIE A KOSMETIKA",
        "PÁNSKÁ KOSMETIKA"
      ],
      "prices": [
        {
          "store_name": "Albert",
          "price": 109.9,
          "original_price": null,
          "unit_price": 2198.0,
          "unit": "l",
          "package_size": "50 ml",
          "condition": null
        }
      ],
      "description": null
    },
    {
      "name": "Vina Mercedes Merlot",
      "brand": "Vina",
      "product_url": "https://wolt.com/cs/cze/prague/venue/albert-vinohradska/vina-mercedes-merlot-itemid-64ca0b7cba162577de489792",
      "image_url": "https://imageproxy.wolt.com/menu/menu-images/64ffec4406cca0140dfab831/42eb4830-8eb7-11ee-9a67-b6ff72c7a500_25922905.jpg",
      "categories": [
        "NÁPOJE",
        "VÍNA"
      ],
      "prices": [
        {
          "store_name": "Albert",
          "price": 69.9,
          "original_price": null,
          "unit_price": 93.2,
          "unit": "l",
          "package_size": "750 ml, 12,5% alc",
          "condition": "18+"
        }
      ],
      "description": null
    },
    {
      "name": "Mlékárna Kunín Mléčná krupice natural",
      "brand": "Mlékárna Kunín",
      "product_url": "https://wolt.com/cs/cze/prague/venue/albert-vinohradska/mlekarna-kunin-mlecna-krupice-natural-itemid-64ca0b7cba162577de488bf3",
      "image_url": "https://imageproxy.wolt.com/menu/menu-images/63ad795db242366d1f818f36/4b86306c-e818-11ee-868a-667dc6126f46_25222289.jpg",
      "categories": [
        "MLÉČNÉ A CHLAZENÉ",
        "JOGURTY A DEZERTY"
      ],
      "prices": [
        {
          "store_name": "Albert",
          "price": 24.9,
          "original_price": null,
          "unit_price": 166.0,
          "unit": "Kg",
          "package_size": "150 g",
          "condition": null
        }
      ],
      "description": null
    },
    {
      "name": "Olma Florian smetanový jogurt višeň",
      "brand": "Olma",
      "product_url": "https://wolt.com/cs/cze/prague/venue/albert-vinohradska/olma-florian-smetanovy-jogurt-visen-itemid-64ca0b7cba162577de48858b",
      "image_url": "https://imageproxy.wolt.com/menu/menu-images/64ffec4406cca0140dfab831/8f312cf6-8eb1-11ee-bb5e-36180384687e_24413640.jpg",
      "categories": [
        "MLÉČNÉ A CHLAZENÉ",
        "JOGURTY A DEZERTY"
      ],
      "prices": [
        {
          "store_name": "Albert",
          "price": null,
          "original_price": null,
          "unit_price": 66.0,
          "unit": "Kg",
          "package_size": "150 g",
          "condition": "Sleva"
        }
      ],
      "description": null
    },
    {
      "name": "Fantasia Jogurt s čokoládovými kuličkami",
      "brand": "Fantasia",
      "product_url": "https://wolt.com/cs/cze/prague/venue/albert-vinohradska/fantasia-jogurt-s-cokoladovymi-kulickami-itemid-64ca0b7cba162577de4892d5",
      "image_url": "https://imageproxy.wolt.com/menu/menu-images/64ffec4406cca0140dfab831/99bdbfa8-8eb2-11ee-b515-7a4dcb26504b_24837484.jpg",
      "categories": [
        "MLÉČNÉ A CHLAZENÉ",
        "JOGURTY A DEZERTY"
      ],
      "prices": [
        {
          "store_name": "Albert",
          "price": 22.9,
          "original_price": null,
          "unit_price": 229.0,
          "unit": "Kg",
          "package_size": "100 g",
          "condition": null
        }
      ],
      "description": null
    },
    {
      "name": "Albert Excellent Zaanlander starý 48%",
      "brand": "Albert Excellent",
      "product_url": "https://wolt.com/cs/cze/prague/venue/albert-vinohradska/albert-excellent-zaanlander-stary-48-itemid-657233256818b938df948715",
      "image_url": "https://imageproxy.wolt.com/menu/menu-images/63ad795db242366d1f818f36/64d9bd90-bbe4-11ef-be5a-f26a16068083_26058801.jpg",
      "categories": [
        "MLÉČNÉ A CHLAZENÉ",
        "SÝRY"
      ],
      "prices": [
        {
          "store_name": "Albert",
          "price": 73.97,
          "original_price": null,
          "unit_price": null,
          "unit": null,
          "package_size": null,
          "condition": "Vyprodáno"
        }
      ],
      "description": null
    },
    {
      "name": "Kitbis Bonbony Kyselí červíci",
      "brand": "Kitbis",
      "product_url": "https://wolt.com/cs/cze/prague/venue/albert-vinohradska/kitbis-bonbony-kyseli-cervici-itemid-64ca0b7cba162577de4894aa",
      "image_url": "https://imageproxy.wolt.com/menu/menu-images/63ad795db242366d1f818f36/834ec9fa-bbe4-11ef-922c-6e5ad4d616d3_24790710.jpg",
      "categories": [
        "TRVANLIVÉ",
        "SLADKOSTI"
      ],
      "prices": [
        {
          "store_name": "Albert",
          "price": 14.9,
          "original_price": null,
          "unit_price": 149.0,
          "unit": "Kg",
          "package_size": "100 g",
          "condition": null
        }
      ],
      "description": null
    },
    {
      "name": "Madeta MAXI Lipánek tradiční jahodový",
      "brand": "Madeta",
      "product_url": "https://wolt.com/cs/cze/prague/venue/albert-vinohradska/madeta-maxi-lipanek-tradicni-jahodovy-itemid-64ca0b7cba162577de4883ed",
      "image_url": "https://imageproxy.wolt.com/menu/menu-images/64ffec4406cca0140dfab831/3c69eb42-8eb2-11ee-8c57-fe2992cf6bd0_24686198.jpg",
      "categories": [
        "MLÉČNÉ A CHLAZENÉ",
        "JOGURTY A DEZERTY"
      ],
      "prices": [
        {
          "store_name": "Albert",
          "price": 23.9,
          "original_price": null,
          "unit_price": 183.85,
          "unit": "Kg",
          "package_size": "130 g",
          "condition": null
        }
      ],
      "description": null
    },
    {
      "name": "Blaník Cottage",
      "brand": "Blaník",
      "product_url": "https://wolt.com/cs/cze/prague/venue/albert-vinohradska/blanik-cottage-itemid-64ca0b7cba162577de4892b6",
      "image_url": "https://imageproxy.wolt.com/menu/menu-images/64ffec4406cca0140dfab831/8bd9df86-8eb5-11ee-a78e-2a789dffa3ae_25580389.jpg",
      "categories": [
        "MLÉČNÉ A CHLAZENÉ",
        "SÝRY"
      ],
      "prices": [
        {
          "store_name": "Albert",
          "price": 29.9,
          "original_price": null,
          "unit_price": 199.33,
          "unit": "Kg",
          "package_size": "150 g",
          "condition": null
        }
      ],
      "description": null
    },
    {
      "name": "Hello Multivitamin 100%",
      "brand": "Hello",
      "product_url": "https://wolt.com/cs/cze/prague/venue/albert-vinohradska/hello-multivitamin-100-itemid-657233256818b938df948a6e",
      "image_url": "https://imageproxy.wolt.com/menu/menu-images/64ffec4406cca0140dfab831/ec0fd7a4-8eb3-11ee-9b9c-eadf6ce36c9d_25206487.jpg",
      "categories": [
        "NÁPOJE",
        "DŽUSY A NEKTARY"
      ],
      "prices": [
        {
          "store_name": "Albert",
          "price": 34.9,
          "original_price": null,
          "unit_price": 34.9,
          "unit": "l",
          "package_size": "1 l",
          "condition": null
        }
      ],
      "description": null
    },
    {
      "name": "Sensodyne Zubní pasta Extra Whitening",
      "brand": "Sensodyne",
      "product_url": "https://wolt.com/cs/cze/prague/venue/albert-vinohradska/sensodyne-zubni-pasta-extra-whitening-itemid-6601ec13b815648367dae3d1",
      "image_url": "https://imageproxy.wolt.com/menu/menu-images/6601c613e48d1c8d95333085/8c8316de-eae3-11ee-b982-7665db5c1061_27011218.jpg",
      "categories": [
        "DROGERIE A KOSMETIKA",
        "ÚSTNÍ HYGIENA"
      ],
      "prices": [
        {
          "store_name": "Albert",
          "price": null,
          "original_price": null,
          "unit_price": 866.0,
          "unit": "l",
          "package_size": "150 ml",
          "condition": "Sleva"
        }
      ],
      "description": null
    },
    {
      "name": "Pickwick Máta",
      "brand": "Pickwick",
      "product_url": "https://wolt.com/cs/cze/prague/venue/albert-vinohradska/pickwick-mata-itemid-64ca0b7cba162577de48a13a",
      "image_url": "https://imageproxy.wolt.com/menu/menu-images/64ffec4406cca0140dfab831/73d1b070-8eb6-11ee-9b72-865f2970631c_25753035.jpg",
      "categories": [
        "NÁPOJE",
        "KÁVA A ČAJ"
      ],
      "prices": [
        {
          "store_name": "Albert",
          "price": 45.9,
          "original_price": null,
          "unit_price": 1530.0,
          "unit": "Kg",
          "package_size": "30 g",
          "condition": null
        }
      ],
      "description": null
    },
    {
      "name": "Mitia Sprchový gel granátové jablko",
      "brand": "Mitia",
      "product_url": "https://wolt.com/cs/cze/prague/venue/albert-vinohradska/mitia-sprchovy-gel-granatove-jablko-itemid-6601e1675a38253b121aed8e",
      "image_url": "https://imageproxy.wolt.com/menu/menu-images/6601c613e48d1c8d95333085/aa9c2dc8-eae2-11ee-b60f-4aedea41cff8_25277739.jpg",
      "categories": [
        "DROGERIE A KOSMETIKA",
        "MÝDLA A GELY"
      ],
      "prices": [
        {
          "store_name": "Albert",
          "price": 59.9,
          "original_price": null,
          "unit_price": 149.75,
          "unit": "l",
          "package_size": "400 ml",
          "condition": null
        }
      ],
      "description": null
    },
    {
      "name": "LOréal Paris Age Specialist 65+ denní krém",
      "brand": "LOréal",
      "product_url": "https://wolt.com/cs/cze/prague/venue/albert-vinohradska/loreal-paris-age-specialist-65-denni-krem-itemid-657233256818b938df9480a8",
      "image_url": "https://imageproxy.wolt.com/menu/menu-images/64ffec4406cca0140dfab831/d5bf12ca-8ebe-11ee-8115-76bc1f0dfb09_27069615.jpg",
      "categories": [
        "DROGERIE A KOSMETIKA",
        "PÉČE O PLEŤ"
      ],
      "prices": [
        {
          "store_name": "Albert",
          "price": 219.0,
          "original_price": null,
          "unit_price": 4380.0,
          "unit": "l",
          "package_size": "50 ml",
          "condition": null
        }
      ],
      "description": null
    },
    {
      "name": "HiPP Babysanft Pleťové mléko",
      "brand": "HiPP",
      "product_url": "https://wolt.com/cs/cze/prague/venue/albert-vinohradska/hipp-babysanft-pletove-mleko-itemid-64ca0b7cba162577de488d03",
      "image_url": "https://imageproxy.wolt.com/menu/menu-images/64ffec4406cca0140dfab831/81230cc4-8eb1-11ee-8bba-7a4dcb26504b_24402163.jpg",
      "categories": [
        "DÍTĚ",
        "DĚTSKÁ KOSMETIKA"
      ],
      "prices": [
        {
          "store_name": "Albert",
          "price": 119.9,
          "original_price": null,
          "unit_price": 342.57,
          "unit": "l",
          "package_size": "350 ml",
          "condition": null
        }
      ],
      "description": null
    },
    {
      "name": "Relax Víčko kaktus",
      "brand": "Relax",
      "product_url": "https://wolt.com/cs/cze/prague/venue/albert-vinohradska/relax-vicko-kaktus-itemid-64ca0b7cba162577de48a289",
      "image_url": "https://imageproxy.wolt.com/menu/menu-images/64ffec4406cca0140dfab831/8e77af34-8eba-11ee-af3e-c6aa6b123400_26637884.jpg",
      "categories": [
        "NÁPOJE",
        "DŽUSY A NEKTARY"
      ],
      "prices": [
        {
          "store_name": "Albert",
          "price": 25.9,
          "original_price": null,
          "unit_price": 103.6,
          "unit": "l",
          "package_size": "250 ml",
          "condition": null
        }
      ],
      "description": null
    },
    {
      "name": "Albert Pohanka loupaná",
      "brand": "Albert",
      "product_url": "https://wolt.com/cs/cze/prague/venue/albert-vinohradska/albert-pohanka-loupana-itemid-64ca0b7cba162577de4880d5",
      "image_url": "https://imageproxy.wolt.com/menu/menu-images/64ffec4406cca0140dfab831/2abadab4-8ec1-11ee-9024-fe512f326f5c_27219492.jpg",
      "categories": [
        "TRVANLIVÉ",
        "RÝŽE A LUŠTENINY"
      ],
      "prices": [
        {
          "store_name": "Albert",
          "price": 33.9,
          "original_price": null,
          "unit_price": 67.8,
          "unit": "Kg",
          "package_size": "500 g",
          "condition": null
        }
      ],
      "description": null
    },
    {
      "name": "Trapiche Pure Malbec",
      "brand": "Trapiche",
      "product_url": "https://wolt.com/cs/cze/prague/venue/albert-vinohradska/trapiche-pure-malbec-itemid-64ca0b7cba162577de48a021",
      "image_url": "https://imageproxy.wolt.com/menu/menu-images/64ffec4406cca0140dfab831/5a3fe7fc-8ebc-11ee-a3bf-46136b2ea02a_26833927.jpg",
      "categories": [
        "NÁPOJE",
        "VÍNA"
      ],
      "prices": [
        {
          "store_name": "Albert",
          "price": 299.0,
          "original_price": null,
          "unit_price": 398.67,
          "unit": "l",
          "package_size": "750 ml, 13,5% alc",
          "condition": "18+"
        }
      ],
      "description": null
    },
    {
      "name": "Pringles sůl a ocet",
      "brand": "Pringles",
      "product_url": "https://wolt.com/cs/cze/prague/venue/albert-vinohradska/pringles-sul-a-ocet-itemid-64ca0b7cba162577de489a6e",
      "image_url": "https://imageproxy.wolt.com/menu/menu-images/64ffec4406cca0140dfab831/fc53852e-8eb4-11ee-b98a-8e50ebf9f3ec_25463767.jpg",
      "categories": [
        "TRVANLIVÉ",
        "SLANÉ"
      ],
      "prices": [
        {
          "store_name": "Albert",
          "price": 89.9,
          "original_price": null,
          "unit_price": 544.85,
          "unit": "Kg",
          "package_size": "165 g",
          "condition": null
        }
      ],
      "description": null
    },
    {
      "name": "Nature's Promise Bio Sirup agávový",
      "brand": "Nature's Promise",
      "product_url": "https://wolt.com/cs/cze/prague/venue/albert-vinohradska/nature-s-promise-bio-sirup-agavovy-itemid-64ca0b7cba162577de4893f2",
      "image_url": "https://imageproxy.wolt.com/menu/menu-images/63ad795db242366d1f818f36/88def60a-8e26-11f0-a62e-da2df9998d87_27474952.jpg",
      "categories": [
        "TRVANLIVÉ",
        "PEČENÍ A VAŘENÍ"
      ],
      "prices": [
        {
          "store_name": "Albert",
          "price": null,
          "original_price": null,
          "unit_price": 259.6,
          "unit": "l",
          "package_size": "250 ml",
          "condition": "Sleva"
        }
      ],
      "description": null
    },
    {
      "name": "Rybí trh Losos kisuč, filet s kůží",
      "brand": "Rybí",
      "product_url": "https://wolt.com/cs/cze/prague/venue/albert-vinohradska/rybi-trh-losos-kisuc-filet-s-kuzi-itemid-657233256818b938df948cbb",
      "image_url": "https://imageproxy.wolt.com/menu/menu-images/64ffec4406cca0140dfab831/3923d78e-8ec8-11ee-8111-bea6474a380e_27710036.jpg",
      "categories": [
        "MASO A RYBY",
        "RYBY"
      ],
      "prices": [
        {
          "store_name": "Albert",
          "price": 124.75,
          "original_price": null,
          "unit_price": null,
          "unit": null,
          "package_size": null,
          "condition": "Vyprodáno"
        }
      ],
      "description": null
    },
    {
      "name": "Rosické těstoviny Cornetti kolínka střední",
      "brand": "Rosické",
      "product_url": "https://wolt.com/cs/cze/prague/venue/albert-vinohradska/rosicke-testoviny-cornetti-kolinka-stredni-itemid-64ca0b7cba162577de489179",
      "image_url": "https://imageproxy.wolt.com/menu/menu-images/63ad795db242366d1f818f36/de0b6d88-25b3-11f0-873e-aac2fcc3fe8a_20296421.jpg",
      "categories": [
        "TRVANLIVÉ",
        "TĚSTOVINY A KUSKUS"
      ],
      "prices": [
        {
          "store_name": "Albert",
          "price": 32.9,
          "original_price": null,
          "unit_price": 65.8,
          "unit": "Kg",
          "package_size": "500 g",
          "condition": null
        }
      ],
      "description": null
    },
    {
      "name": "Delicata Hořká čokoláda s kokosem a mandlemi",
      "brand": "Delicata",
      "product_url": "https://wolt.com/cs/cze/prague/venue/albert-vinohradska/delicata-horka-cokolada-s-kokosem-a-mandlemi-itemid-64ca0b7cba162577de4893e7",
      "image_url": "https://imageproxy.wolt.com/menu/menu-images/6745ec28c3b7723db3588430/1ba9b818-da6b-11f0-8116-0679df55b304_27706756.jpg",
      "categories": [
        "TRVANLIVÉ",
        "SLADKOSTI"
      ],
      "prices": [
        {
          "store_name": "Albert",
          "price": 79.9,
          "original_price": null,
          "unit_price": 532.67,
          "unit": "Kg",
          "package_size": "150 g",
          "condition": null
        }
      ],
      "description": null
    },
    {
      "name": "Babybel Mini Original zrající plnotučný sýr",
      "brand": "Babybel",
      "product_url": "https://wolt.com/cs/cze/prague/venue/albert-vinohradska/babybel-mini-original-zrajici-plnotucny-syr-itemid-64ca0b7cba162577de4890b6",
      "image_url": "https://imageproxy.wolt.com/menu/menu-images/63ad795db242366d1f818f36/a8f37cf8-66af-11ef-a8a4-ceefd6cec9ad_26841786.jpg",
      "categories": [
        "MLÉČNÉ A CHLAZENÉ",
        "SÝRY"
      ],
      "prices": [
        {
          "store_name": "Albert",
          "price": 69.9,
          "original_price": null,
          "unit_price": 699.0,
          "unit": "Kg",
          "package_size": "100 g",
          "condition": null
        }
      ],
      "description": null
    },
    {
      "name": "Panzani Bolognese Extra omáčka",
      "brand": "Panzani",
      "product_url": "https://wolt.com/cs/cze/prague/venue/albert-vinohradska/panzani-bolognese-extra-omacka-itemid-64ca0b7cba162577de48875b",
      "image_url": "https://imageproxy.wolt.com/menu/menu-images/63ad795db242366d1f818f36/ddfb8b06-7825-11f0-93e4-6ae3417a4563_22105417.jpg",
      "categories": [
        "TRVANLIVÉ",
        "KEČUPY A HOŘČICE"
      ],
      "prices": [
        {
          "store_name": "Albert",
          "price": 66.9,
          "original_price": null,
          "unit_price": 157.41,
          "unit": "Kg",
          "package_size": "425 g",
          "condition": null
        }
      ],
      "description": null
    },
    {
      "name": "Bohušovická mlékárna Protein tvaroh jahoda",
      "brand": "Bohušovická",
      "product_url": "https://wolt.com/cs/cze/prague/venue/albert-vinohradska/bohusovicka-mlekarna-protein-tvaroh-jahoda-itemid-64ca0b7cba162577de48988f",
      "image_url": "https://imageproxy.wolt.com/menu/menu-images/63ad795db242366d1f818f36/79ffe894-cca1-11ee-814d-c65e92d51079_27077955.jpg",
      "categories": [
        "MLÉČNÉ A CHLAZENÉ",
        "JOGURTY A DEZERTY"
      ],
      "prices": [
        {
          "store_name": "Albert",
          "price": 24.9,
          "original_price": null,
          "unit_price": 177.86,
          "unit": "Kg",
          "package_size": "140 g",
          "condition": null
        }
      ],
      "description": null
    },
    {
      "name": "Bio Little gem salát",
      "brand": null,
      "product_url": "https://wolt.com/cs/cze/prague/venue/albert-vinohradska/bio-little-gem-salat-itemid-64ca0b7cba162577de488fef",
      "image_url": "https://imageproxy.wolt.com/menu/menu-images/63ad795db242366d1f818f36/279f49ea-2b47-11f0-8baa-cec582805bda_27127674.jpg",
      "categories": [
        "OVOCE A ZELENINA",
        "ZELENINA"
      ],
      "prices": [
        {
          "store_name": "Albert",
          "price": null,
          "original_price": null,
          "unit_price": 149.5,
          "unit": "Kg",
          "package_size": "200 g",
          "condition": "Sleva, Vyprodáno"
        }
      ],
      "description": null
    },
    {
      "name": "Naturella Ultra Normal vložky s křidélky",
      "brand": "Naturella",
      "product_url": "https://wolt.com/cs/cze/prague/venue/albert-vinohradska/naturella-ultra-normal-vlozky-s-kridelky-itemid-657233256818b938df947db7",
      "image_url": "https://imageproxy.wolt.com/menu/menu-images/64ffec4406cca0140dfab831/3478bdd8-8eb1-11ee-b9e2-325d7328b531_24243070.jpg",
      "categories": [
        "DROGERIE A KOSMETIKA",
        "DÁMSKÉ HYG. POTŘEBY"
      ],
      "prices": [
        {
          "store_name": "Albert",
          "price": 54.9,
          "original_price": null,
          "unit_price": 5.49,
          "unit": "ks",
          "package_size": "‪10‬ kusů",
          "condition": null
        }
      ],
      "description": null
    },
    {
      "name": "Sunar Do ručičky ovocná kapsička banán 4m+",
      "brand": "Sunar",
      "product_url": "https://wolt.com/cs/cze/prague/venue/albert-vinohradska/sunar-do-rucicky-ovocna-kapsicka-banan-4m-itemid-64ca0b7cba162577de48a12b",
      "image_url": "https://imageproxy.wolt.com/menu/menu-images/64ffec4406cca0140dfab831/8ea02e4c-8ebe-11ee-876d-0ece4ee3fc04_27035757.jpg",
      "categories": [
        "DÍTĚ",
        "VÝŽIVA"
      ],
      "prices": [
        {
          "store_name": "Albert",
          "price": 21.9,
          "original_price": null,
          "unit_price": 219.0,
          "unit": "Kg",
          "package_size": "100 g",
          "condition": null
        }
      ],
      "description": null
    },
    {
      "name": "Pickwick Ovocný čaj citrus a bezový květ",
      "brand": "Pickwick",
      "product_url": "https://wolt.com/cs/cze/prague/venue/albert-vinohradska/pickwick-ovocny-caj-citrus-a-bezovy-kvet-itemid-64ca0b7cba162577de48873f",
      "image_url": "https://imageproxy.wolt.com/menu/menu-images/64ffec4406cca0140dfab831/9360540c-8eb9-11ee-83f6-1627932f216d_26454382.jpg",
      "categories": [
        "NÁPOJE",
        "KÁVA A ČAJ"
      ],
      "prices": [
        {
          "store_name": "Albert",
          "price": 32.9,
          "original_price": null,
          "unit_price": 822.5,
          "unit": "Kg",
          "package_size": "40 g",
          "condition": null
        }
      ],
      "description": null
    },
    {
      "name": "Mogador Zajíc Sójový nápoj natural",
      "brand": "Mogador",
      "product_url": "https://wolt.com/cs/cze/prague/venue/albert-vinohradska/mogador-zajic-sojovy-napoj-natural-itemid-64ca0b7cba162577de4889a1",
      "image_url": "https://imageproxy.wolt.com/menu/menu-images/64ffec4406cca0140dfab831/ba6aae72-8eae-11ee-94b4-9efff91d0ab5_22774200.jpg",
      "categories": [
        "MLÉČNÉ A CHLAZENÉ",
        "ROSTLINNÉ PRODUKTY"
      ],
      "prices": [
        {
          "store_name": "Albert",
          "price": 119.9,
          "original_price": null,
          "unit_price": 299.75,
          "unit": "Kg",
          "package_size": "400 g",
          "condition": null
        }
      ],
      "description": null
    },
    {
      "name": "Tarapacá Cabernet Sauvignon/Merlot",
      "brand": "Tarapacá",
      "product_url": "https://wolt.com/cs/cze/prague/venue/albert-vinohradska/tarapaca-cabernet-sauvignon-merlot-itemid-657233256818b938df947944",
      "image_url": "https://imageproxy.wolt.com/menu/menu-images/64ffec4406cca0140dfab831/d932279e-8ec3-11ee-8404-5e4be69f0c6c_27427804.jpg",
      "categories": [
        "NÁPOJE",
        "VÍNA"
      ],
      "prices": [
        {
          "store_name": "Albert",
          "price": 209.0,
          "original_price": null,
          "unit_price": 278.67,
          "unit": "l",
          "package_size": "750 ml",
          "condition": "Věkové omezení"
        }
      ],
      "description": null
    },
    {
      "name": "Těsto listové Babické",
      "brand": null,
      "product_url": "https://wolt.com/cs/cze/prague/venue/albert-vinohradska/testo-listove-babicke-itemid-64ca0b7cba162577de48925a",
      "image_url": "https://imageproxy.wolt.com/menu/menu-images/64ffec4406cca0140dfab831/e799c38a-8eac-11ee-8539-1af7753b7a63_20416409.jpg",
      "categories": [
        "UZENINY A LAHŮDKY",
        "HOTOVKY A PŘÍLOHY"
      ],
      "prices": [
        {
          "store_name": "Albert",
          "price": 47.9,
          "original_price": null,
          "unit_price": 95.8,
          "unit": "Kg",
          "package_size": "500 g",
          "condition": null
        }
      ],
      "description": null
    },
    {
      "name": "Dobrá voda Jemně perlivá citrón",
      "brand": "Dobrá",
      "product_url": "https://wolt.com/cs/cze/prague/venue/albert-vinohradska/dobra-voda-jemne-perliva-citron-itemid-64ca0b7cba162577de48913a",
      "image_url": "https://imageproxy.wolt.com/menu/menu-images/64ffec4406cca0140dfab831/2698d82c-8eae-11ee-bc18-7a8430ea266b_21971228.jpg",
      "categories": [
        "NÁPOJE",
        "VODY A MINERÁLKY"
      ],
      "prices": [
        {
          "store_name": "Albert",
          "price": 20.9,
          "original_price": null,
          "unit_price": 13.93,
          "unit": "l",
          "package_size": "1,5 l",
          "condition": null
        }
      ],
      "description": null
    },
    {
      "name": "Mlékárna Kunín Zakysaná smetana 12%",
      "brand": "Mlékárna Kunín",
      "product_url": "https://wolt.com/cs/cze/prague/venue/albert-vinohradska/mlekarna-kunin-zakysana-smetana-12-itemid-64ca0b7cba162577de48978f",
      "image_url": "https://imageproxy.wolt.com/menu/menu-images/63ad795db242366d1f818f36/4903ecf8-e818-11ee-868a-667dc6126f46_24872942.jpg",
      "categories": [
        "MLÉČNÉ A CHLAZENÉ",
        "SMETANY A ŠLEHAČKY"
      ],
      "prices": [
        {
          "store_name": "Albert",
          "price": 26.9,
          "original_price": null,
          "unit_price": 141.58,
          "unit": "Kg",
          "package_size": "190 g",
          "condition": null
        }
      ],
      "description": null
    },
    {
      "name": "Soj.nápoj alpro pří.čoko  s čokoládovou příchutí",
      "brand": "Soj.nápoj",
      "product_url": "https://wolt.com/cs/cze/prague/venue/albert-vinohradska/soj-napoj-alpro-pri-coko-s-cokoladovou-prichuti-itemid-64ca0b7cba162577de488c3f",
      "image_url": "https://imageproxy.wolt.com/menu/menu-images/64ffec4406cca0140dfab831/c671f326-8eb1-11ee-9e92-96ff514b0205_24534154.jpg",
      "categories": [
        "MLÉČNÉ A CHLAZENÉ",
        "ROSTLINNÉ PRODUKTY"
      ],
      "prices": [
        {
          "store_name": "Albert",
          "price": 35.9,
          "original_price": null,
          "unit_price": 143.6,
          "unit": "l",
          "package_size": "250 ml",
          "condition": null
        }
      ],
      "description": null
    },
    {
      "name": "Opavia Bebe Rodinné jemné cereální sušenky",
      "brand": "Opavia",
      "product_url": "https://wolt.com/cs/cze/prague/venue/albert-vinohradska/opavia-bebe-rodinne-jemne-cerealni-susenky-itemid-64ca0b7cba162577de488313",
      "image_url": "https://imageproxy.wolt.com/menu/menu-images/63ad795db242366d1f818f36/588efb6c-8e26-11f0-884b-9e946bf81b82_20300302.jpg",
      "categories": [
        "TRVANLIVÉ",
        "SLADKOSTI"
      ],
      "prices": [
        {
          "store_name": "Albert",
          "price": 21.9,
          "original_price": null,
          "unit_price": 168.46,
          "unit": "Kg",
          "package_size": "130 g",
          "condition": null
        }
      ],
      "description": null
    },
    {
      "name": "MAGGI Dobrý Hostinec Guláš s těstovinami",
      "brand": "MAGGI",
      "product_url": "https://wolt.com/cs/cze/prague/venue/albert-vinohradska/maggi-dobry-hostinec-gulas-s-testovinami-itemid-6601e16c1f66463b59292ef4",
      "image_url": "https://imageproxy.wolt.com/menu/menu-images/6601c613e48d1c8d95333085/3668d47e-eae2-11ee-b818-4aedea41cff8_22174437.jpg",
      "categories": [
        "TRVANLIVÉ",
        "INSTANTNÍ POKRMY"
      ],
      "prices": [
        {
          "store_name": "Albert",
          "price": 54.9,
          "original_price": null,
          "unit_price": 383.92,
          "unit": "Kg",
          "package_size": "143 g",
          "condition": null
        }
      ],
      "description": null
    },
    {
      "name": "Nature's Promise Bio Baby Pyré jablko a borůvka",
      "brand": "Nature's Promise",
      "product_url": "https://wolt.com/cs/cze/prague/venue/albert-vinohradska/nature-s-promise-bio-baby-pyre-jablko-a-boruvka-itemid-64ca0b7cba162577de488de9",
      "image_url": "https://imageproxy.wolt.com/menu/menu-images/64ffec4406cca0140dfab831/6de72250-8ebe-11ee-93b7-3abcd54edd52_27029527.jpg",
      "categories": [
        "DÍTĚ",
        "VÝŽIVA"
      ],
      "prices": [
        {
          "store_name": "Albert",
          "price": 21.9,
          "original_price": null,
          "unit_price": 115.26,
          "unit": "Kg",
          "package_size": "190 g",
          "condition": null
        }
      ],
      "description": null
    },
    {
      "name": "Tany Šumavský tavený sýr smetanový",
      "brand": "Tany",
      "product_url": "https://wolt.com/cs/cze/prague/venue/albert-vinohradska/tany-sumavsky-taveny-syr-smetanovy-itemid-657233256818b938df947892",
      "image_url": "https://imageproxy.wolt.com/menu/menu-images/63ad795db242366d1f818f36/69707fbe-8e26-11f0-9df8-da8e54f0fe20_25609158.jpg",
      "categories": [
        "MLÉČNÉ A CHLAZENÉ",
        "SÝRY"
      ],
      "prices": [
        {
          "store_name": "Albert",
          "price": 39.9,
          "original_price": null,
          "unit_price": 266.0,
          "unit": "Kg",
          "package_size": "150 g",
          "condition": null
        }
      ],
      "description": null
    },
    {
      "name": "Nature's Promise Chlebíčky pšeničné slané",
      "brand": "Nature's Promise",
      "product_url": "https://wolt.com/cs/cze/prague/venue/albert-vinohradska/nature-s-promise-chlebicky-psenicne-slane-itemid-6601ebb30e5187eb505995fd",
      "image_url": "https://imageproxy.wolt.com/menu/menu-images/6601c613e48d1c8d95333085/b04303c6-eae4-11ee-bbd4-c2919b5ee551_27647509.jpg",
      "categories": [
        "PEKÁRNA A CUKRÁRNA",
        "RACIO A KNÄCKEBROT"
      ],
      "prices": [
        {
          "store_name": "Albert",
          "price": 18.9,
          "original_price": null,
          "unit_price": 145.38,
          "unit": "Kg",
          "package_size": "130 g",
          "condition": null
        }
      ],
      "description": null
    },
    {
      "name": "Champagne Brut G.H. Mumm Cordon Rouge",
      "brand": "Champagne",
      "product_url": "https://wolt.com/cs/cze/prague/venue/albert-vinohradska/champagne-brut-g-h-mumm-cordon-rouge-itemid-657233256818b938df94876b",
      "image_url": "https://imageproxy.wolt.com/menu/menu-images/64ffec4406cca0140dfab831/b74a4f96-8eb7-11ee-a557-fe2992cf6bd0_26025896.jpg",
      "categories": [
        "NÁPOJE",
        "VÍNA"
      ],
      "prices": [
        {
          "store_name": "Albert",
          "price": 1259.0,
          "original_price": null,
          "unit_price": 1678.67,
          "unit": "l",
          "package_size": "750 ml, 12,5% alc",
          "condition": "18+, Vyprodáno"
        }
      ],
      "description": null
    },
    {
      "name": "Habánské sklepy Veltlínské zelené",
      "brand": "Habánské sklepy",
      "product_url": "https://wolt.com/cs/cze/prague/venue/albert-vinohradska/habanske-sklepy-veltlinske-zelene-itemid-64ca0b7cba162577de488afd",
      "image_url": "https://imageproxy.wolt.com/menu/menu-images/64ffec4406cca0140dfab831/96062bf4-8eb5-11ee-856e-16e6bf59122a_25587067.jpg",
      "categories": [
        "NÁPOJE",
        "VÍNA"
      ],
      "prices": [
        {
          "store_name": "Albert",
          "price": 119.9,
          "original_price": null,
          "unit_price": 159.87,
          "unit": "l",
          "package_size": "750 ml, 11,5% alc",
          "condition": "18+"
        }
      ],
      "description": null
    },
    {
      "name": "iD Rich Bronze tabákové náplně",
      "brand": null,
      "product_url": "https://wolt.com/cs/cze/prague/venue/albert-vinohradska/id-rich-bronze-tabakove-naplne-itemid-64ca0b7cba162577de48a424",
      "image_url": "https://imageproxy.wolt.com/menu/menu-images/64ffec4406cca0140dfab831/ddff0b7e-8ec4-11ee-aeff-22ab4de1c557_27499733.jpg",
      "categories": [
        "DOMÁCNOST A ZAHRADA",
        "CIGARETY"
      ],
      "prices": [
        {
          "store_name": "Albert",
          "price": 85.0,
          "original_price": null,
          "unit_price": 85.0,
          "unit": "ks",
          "package_size": "‪1‬ kus",
          "condition": "18+"
        }
      ],
      "description": null
    },
    {
      "name": "Whiskas Kapsička drůbeží výběr ve šťávě",
      "brand": "Whiskas",
      "product_url": "https://wolt.com/cs/cze/prague/venue/albert-vinohradska/whiskas-kapsicka-drubezi-vyber-ve-stave-itemid-64ca0b7cba162577de48a6dd",
      "image_url": "https://imageproxy.wolt.com/menu/menu-images/64ffec4406cca0140dfab831/bbb4d694-8ec8-11ee-8399-8a2356a84f6b_27729274.jpg",
      "categories": [
        "ZVÍŘATA",
        "KOČKY"
      ],
      "prices": [
        {
          "store_name": "Albert",
          "price": 189.0,
          "original_price": null,
          "unit_price": 185.29,
          "unit": "Kg",
          "package_size": "1,02 kg",
          "condition": null
        }
      ],
      "description": null
    },
    {
      "name": "Mattoni Cedrata s příchutí citrusů",
      "brand": "Mattoni",
      "product_url": "https://wolt.com/cs/cze/prague/venue/albert-vinohradska/mattoni-cedrata-s-prichuti-citrusu-itemid-64ca0b7cba162577de4885e9",
      "image_url": "https://imageproxy.wolt.com/menu/menu-images/63ad795db242366d1f818f36/c7d83cdc-7827-11f0-8df6-cad3cc276e48_26958897.jpg",
      "categories": [
        "NÁPOJE",
        "VODY A MINERÁLKY"
      ],
      "prices": [
        {
          "store_name": "Albert",
          "price": 14.9,
          "original_price": null,
          "unit_price": 9.93,
          "unit": "l",
          "package_size": "1,5 l",
          "condition": null
        }
      ],
      "description": null
    },
    {
      "name": "Čerstvé mléko sel.kunín 3 ,8%",
      "brand": "Čerstvé",
      "product_url": "https://wolt.com/cs/cze/prague/venue/albert-vinohradska/cerstve-mleko-sel-kunin-3-8-itemid-64ca0b7cba162577de489323",
      "image_url": "https://imageproxy.wolt.com/menu/menu-images/63ad795db242366d1f818f36/4dd83e36-d995-11ef-a80f-c6c2e7fa6be8_26228426.jpg",
      "categories": [
        "MLÉČNÉ A CHLAZENÉ",
        "MLÉČNÉ NÁPOJE"
      ],
      "prices": [
        {
          "store_name": "Albert",
          "price": 36.9,
          "original_price": null,
          "unit_price": 36.9,
          "unit": "l",
          "package_size": "1 l",
          "condition": null
        }
      ],
      "description": null
    },
    {
      "name": "Panzani Torti",
      "brand": "Panzani",
      "product_url": "https://wolt.com/cs/cze/prague/venue/albert-vinohradska/panzani-torti-itemid-64ca0b7cba162577de4894ac",
      "image_url": "https://imageproxy.wolt.com/menu/menu-images/64ffec4406cca0140dfab831/2df9e1ba-8eae-11ee-bdc9-361f92ce8d2c_22002396.jpg",
      "categories": [
        "TRVANLIVÉ",
        "TĚSTOVINY A KUSKUS"
      ],
      "prices": [
        {
          "store_name": "Albert",
          "price": null,
          "original_price": null,
          "unit_price": 59.8,
          "unit": "Kg",
          "package_size": "500 g",
          "condition": "Sleva"
        }
      ],
      "description": null
    },
    {
      "name": "4SLIM 100% Džem jahodový",
      "brand": "4SLIM",
      "product_url": "https://wolt.com/cs/cze/prague/venue/albert-vinohradska/4slim-100-dzem-jahodovy-itemid-681b5abffcbd67bf7a8f4a91",
      "image_url": "https://imageproxy.wolt.com/menu/menu-images/63ad795db242366d1f818f36/bf98fd68-2b47-11f0-b16d-be47bb4dacd4_27967683.jpg",
      "categories": [
        "TRVANLIVÉ",
        "KONZERVOVANÉ POTR."
      ],
      "prices": [
        {
          "store_name": "Albert",
          "price": null,
          "original_price": null,
          "unit_price": 285.36,
          "unit": "Kg",
          "package_size": "280 g",
          "condition": "Sleva"
        }
      ],
      "description": null
    },
    {
      "name": "Rodinné vinařství Břeclav Rulandské šedé",
      "brand": "Rodinné",
      "product_url": "https://wolt.com/cs/cze/prague/venue/albert-vinohradska/rodinne-vinarstvi-breclav-rulandske-sede-itemid-64ca0b7cba162577de488a3b",
      "image_url": "https://imageproxy.wolt.com/menu/menu-images/64ffec4406cca0140dfab831/6f825e54-8eb9-11ee-bdac-22a8008f3216_26426860.jpg",
      "categories": [
        "NÁPOJE",
        "VÍNA"
      ],
      "prices": [
        {
          "store_name": "Albert",
          "price": 199.0,
          "original_price": null,
          "unit_price": 265.33,
          "unit": "l",
          "package_size": "750 ml, 12,5% alc",
          "condition": "18+"
        }
      ],
      "description": null
    },
    {
      "name": "Lion oplatka v mléčné čokoládě",
      "brand": "Lion",
      "product_url": "https://wolt.com/cs/cze/prague/venue/albert-vinohradska/lion-oplatka-v-mlecne-cokolade-itemid-6602046e60feafe9a17b74ed",
      "image_url": "https://imageproxy.wolt.com/menu/menu-images/63ad795db242366d1f818f36/5a822404-bbe4-11ef-9af9-dee4180eae6c_26436142.jpg",
      "categories": [
        "TRVANLIVÉ",
        "SLADKOSTI"
      ],
      "prices": [
        {
          "store_name": "Albert",
          "price": 28.9,
          "original_price": null,
          "unit_price": 481.67,
          "unit": "Kg",
          "package_size": "60 g",
          "condition": null
        }
      ],
      "description": null
    },
    {
      "name": "Snickers White bar",
      "brand": "Snickers",
      "product_url": "https://wolt.com/cs/cze/prague/venue/albert-vinohradska/snickers-white-bar-itemid-6876153a0c6218e9f3e5f4a1",
      "image_url": "https://imageproxy.wolt.com/menu/menu-images/64b62ec5e5ab70cdc92e30f0/da969848-616e-11f0-8f2c-9a23381021f3_27993095.jpg",
      "categories": [
        "MRAŽENÉ POTRAVINY",
        "ZMRZLINA A NANUKY"
      ],
      "prices": [
        {
          "store_name": "Albert",
          "price": 29.9,
          "original_price": null,
          "unit_price": 664.44,
          "unit": "l",
          "package_size": "45 ml",
          "condition": null
        }
      ],
      "description": null
    },
    {
      "name": "Hellmann's Tatarská omáčka",
      "brand": "Hellmann's",
      "product_url": "https://wolt.com/cs/cze/prague/venue/albert-vinohradska/hellmann-s-tatarska-omacka-itemid-64ca0b7cba162577de4884ad",
      "image_url": "https://imageproxy.wolt.com/menu/menu-images/63ad795db242366d1f818f36/9ecffd12-3213-11ef-bd5b-32afd2778217_27477649.jpg",
      "categories": [
        "MLÉČNÉ A CHLAZENÉ",
        "MAJONÉZY A TATARKY"
      ],
      "prices": [
        {
          "store_name": "Albert",
          "price": 49.9,
          "original_price": null,
          "unit_price": 123.21,
          "unit": "l",
          "package_size": "405 ml",
          "condition": null
        }
      ],
      "description": null
    },
    {
      "name": "Franz Josef Kaiser Sardelové filety v oleji",
      "brand": "Franz Josef Kaiser",
      "product_url": "https://wolt.com/cs/cze/prague/venue/albert-vinohradska/franz-josef-kaiser-sardelove-filety-v-oleji-itemid-657233256818b938df9484ed",
      "image_url": "https://imageproxy.wolt.com/menu/menu-images/63ad795db242366d1f818f36/e032cd5e-f8ef-11ef-8fb4-626de79449d2_26274997.jpg",
      "categories": [
        "TRVANLIVÉ",
        "KONZERVOVANÉ POTR."
      ],
      "prices": [
        {
          "store_name": "Albert",
          "price": 69.9,
          "original_price": null,
          "unit_price": 2588.89,
          "unit": "Kg",
          "package_size": "27 g",
          "condition": null
        }
      ],
      "description": null
    },
    {
      "name": "Rybex Pomazánka z tresky ala krab",
      "brand": "Rybex",
      "product_url": "https://wolt.com/cs/cze/prague/venue/albert-vinohradska/rybex-pomazanka-z-tresky-ala-krab-itemid-64ca0b7cba162577de48955a",
      "image_url": "https://imageproxy.wolt.com/menu/menu-images/64ffec4406cca0140dfab831/65691662-8ec1-11ee-a67f-46b0bb5ce808_27245613.jpg",
      "categories": [
        "UZENINY A LAHŮDKY",
        "SALÁTY A POMAZÁNKY"
      ],
      "prices": [
        {
          "store_name": "Albert",
          "price": 25.9,
          "original_price": null,
          "unit_price": 215.83,
          "unit": "Kg",
          "package_size": "120 g",
          "condition": null
        }
      ],
      "description": null
    },
    {
      "name": "Albert Müsli tyčinka malina v jogurtu",
      "brand": "Albert",
      "product_url": "https://wolt.com/cs/cze/prague/venue/albert-vinohradska/albert-musli-tycinka-malina-v-jogurtu-itemid-657233256818b938df947984",
      "image_url": "https://imageproxy.wolt.com/menu/menu-images/64ffec4406cca0140dfab831/48662352-8eb2-11ee-a6db-2672547c66c2_24696098.jpg",
      "categories": [
        "TRVANLIVÉ",
        "MÜSLI A CEREÁLIE"
      ],
      "prices": [
        {
          "store_name": "Albert",
          "price": 8.7,
          "original_price": null,
          "unit_price": 348.0,
          "unit": "Kg",
          "package_size": "25 g",
          "condition": null
        }
      ],
      "description": null
    },
    {
      "name": "Šumavský Eidam 45% strouhaný",
      "brand": "Šumavský",
      "product_url": "https://wolt.com/cs/cze/prague/venue/albert-vinohradska/sumavsky-eidam-45-strouhany-itemid-657233256818b938df947890",
      "image_url": "https://imageproxy.wolt.com/menu/menu-images/64ffec4406cca0140dfab831/883b8612-8eb1-11ee-bdbf-325d7328b531_24407489.jpg",
      "categories": [
        "MLÉČNÉ A CHLAZENÉ",
        "SÝRY"
      ],
      "prices": [
        {
          "store_name": "Albert",
          "price": 41.9,
          "original_price": null,
          "unit_price": 419.0,
          "unit": "Kg",
          "package_size": "100 g",
          "condition": null
        }
      ],
      "description": null
    },
    {
      "name": "Palette Color Creme středně plavá",
      "brand": "Palette",
      "product_url": "https://wolt.com/cs/cze/prague/venue/albert-vinohradska/palette-color-creme-stredne-plava-itemid-69309ace56094a48f214fd2b",
      "image_url": "https://imageproxy.wolt.com/menu/menu-images/64ffec4406cca0140dfab831/bff2b120-8eb1-11ee-a1ec-c6aa6b123400_24511438.jpg",
      "categories": [
        "DROGERIE A KOSMETIKA",
        "PÉČE O VLASY"
      ],
      "prices": [
        {
          "store_name": "Albert",
          "price": 119.9,
          "original_price": null,
          "unit_price": 119.9,
          "unit": "ks",
          "package_size": "‪1‬ kus",
          "condition": null
        }
      ],
      "description": null
    },
    {
      "name": "Tri Stromy Slivovica 42%",
      "brand": "Tri",
      "product_url": "https://wolt.com/cs/cze/prague/venue/albert-vinohradska/tri-stromy-slivovica-42-itemid-657233256818b938df9485e7",
      "image_url": "https://imageproxy.wolt.com/menu/menu-images/64ffec4406cca0140dfab831/428f420a-8ec7-11ee-aed8-a2846f3734b2_27649510.jpg",
      "categories": [
        "NÁPOJE",
        "LIHOVINY"
      ],
      "prices": [
        {
          "store_name": "Albert",
          "price": 399.0,
          "original_price": null,
          "unit_price": 570.0,
          "unit": "l",
          "package_size": "700 ml, 42% alc",
          "condition": "18+"
        }
      ],
      "description": null
    },
    {
      "name": "Albert Mléko polotučné čerstvé",
      "brand": "Albert",
      "product_url": "https://wolt.com/cs/cze/prague/venue/albert-vinohradska/albert-mleko-polotucne-cerstve-itemid-64ca0b7cba162577de488155",
      "image_url": "https://imageproxy.wolt.com/menu/menu-images/64ffec4406cca0140dfab831/bd14bac4-8eb2-11ee-8f48-7a99d2fb2f9f_24872645.jpg",
      "categories": [
        "MLÉČNÉ A CHLAZENÉ",
        "MLÉČNÉ NÁPOJE"
      ],
      "prices": [
        {
          "store_name": "Albert",
          "price": 23.9,
          "original_price": null,
          "unit_price": 23.9,
          "unit": "l",
          "package_size": "1 l",
          "condition": null
        }
      ],
      "description": null
    },
    {
      "name": "Kreolis Olivový olej extra panenský",
      "brand": "Kreolis",
      "product_url": "https://wolt.com/cs/cze/prague/venue/albert-vinohradska/kreolis-olivovy-olej-extra-panensky-itemid-64ca0b7cba162577de489834",
      "image_url": "https://imageproxy.wolt.com/menu/menu-images/63ad795db242366d1f818f36/08bac3ac-7a84-11ef-8005-5272612c9318_24677554.jpg",
      "categories": [
        "TRVANLIVÉ",
        "OLEJE A OCTY"
      ],
      "prices": [
        {
          "store_name": "Albert",
          "price": 349.0,
          "original_price": null,
          "unit_price": 465.33,
          "unit": "l",
          "package_size": "750 ml",
          "condition": null
        }
      ],
      "description": null
    },
    {
      "name": "Perla Bio Čaj Ovocno- bylinný",
      "brand": "Perla",
      "product_url": "https://wolt.com/cs/cze/prague/venue/albert-vinohradska/perla-bio-caj-ovocno-bylinny-itemid-651c875dd59d93da375be17b",
      "image_url": "https://imageproxy.wolt.com/menu/menu-images/64ffec4406cca0140dfab831/0ac1475c-8ecb-11ee-b2fa-ba4a5d1bd510_27793961.jpg",
      "categories": [
        "NÁPOJE",
        "KÁVA A ČAJ"
      ],
      "prices": [
        {
          "store_name": "Albert",
          "price": 29.9,
          "original_price": null,
          "unit_price": 996.67,
          "unit": "Kg",
          "package_size": "30 g",
          "condition": null
        }
      ],
      "description": null
    },
    {
      "name": "Actimel probiotický nápoj jahoda",
      "brand": "Actimel",
      "product_url": "https://wolt.com/cs/cze/prague/venue/albert-vinohradska/actimel-probioticky-napoj-jahoda-itemid-64ca0b7cba162577de4899c7",
      "image_url": "https://imageproxy.wolt.com/menu/menu-images/63ad795db242366d1f818f36/3901f2a8-1c04-11ef-b5f4-fee5a43e075b_23150409.jpg",
      "categories": [
        "MLÉČNÉ A CHLAZENÉ",
        "MLÉČNÉ NÁPOJE"
      ],
      "prices": [
        {
          "store_name": "Albert",
          "price": null,
          "original_price": null,
          "unit_price": 112.25,
          "unit": "Kg",
          "package_size": "400 g",
          "condition": "Sleva"
        }
      ],
      "description": null
    },
    {
      "name": "Emma Arašídy pražené loupané",
      "brand": "Emma",
      "product_url": "https://wolt.com/cs/cze/prague/venue/albert-vinohradska/emma-arasidy-prazene-loupane-itemid-64ca0b7cba162577de488941",
      "image_url": "https://imageproxy.wolt.com/menu/menu-images/63ad795db242366d1f818f36/8e3b3898-d995-11ef-9d2d-1e9bcc95e61f_24984935.jpg",
      "categories": [
        "OVOCE A ZELENINA",
        "SUCHÉ PLODY"
      ],
      "prices": [
        {
          "store_name": "Albert",
          "price": 24.9,
          "original_price": null,
          "unit_price": 166.0,
          "unit": "Kg",
          "package_size": "150 g",
          "condition": null
        }
      ],
      "description": null
    },
    {
      "name": "TePe Compact Tuft zubní kartáček",
      "brand": "TePe",
      "product_url": "https://wolt.com/cs/cze/prague/venue/albert-vinohradska/tepe-compact-tuft-zubni-kartacek-itemid-64ca0b7cba162577de488ec1",
      "image_url": "https://imageproxy.wolt.com/menu/menu-images/64ffec4406cca0140dfab831/22e814f4-8ebd-11ee-9592-be2d1bdd5ebf_26922362.jpg",
      "categories": [
        "DROGERIE A KOSMETIKA",
        "ÚSTNÍ HYGIENA"
      ],
      "prices": [
        {
          "store_name": "Albert",
          "price": 84.9,
          "original_price": null,
          "unit_price": 84.9,
          "unit": "ks",
          "package_size": "‪1‬ kus",
          "condition": null
        }
      ],
      "description": null
    },
    {
      "name": "Albert Sleďový salát s jogurtem",
      "brand": "Albert",
      "product_url": "https://wolt.com/cs/cze/prague/venue/albert-vinohradska/albert-sledovy-salat-s-jogurtem-itemid-64ca0b7cba162577de48855d",
      "image_url": "https://imageproxy.wolt.com/menu/menu-images/63ad795db242366d1f818f36/a9514bc4-aef6-11ee-b9b5-f27f6efdf708_26893969.jpg",
      "categories": [
        "UZENINY A LAHŮDKY",
        "RYBÍ SPECIALITY"
      ],
      "prices": [
        {
          "store_name": "Albert",
          "price": 24.9,
          "original_price": null,
          "unit_price": 166.0,
          "unit": "Kg",
          "package_size": "150 g",
          "condition": null
        }
      ],
      "description": null
    },
    {
      "name": "Violife Edam flavour plátky",
      "brand": "Violife",
      "product_url": "https://wolt.com/cs/cze/prague/venue/albert-vinohradska/violife-edam-flavour-platky-itemid-657233256818b938df947b23",
      "image_url": "https://imageproxy.wolt.com/menu/menu-images/64ffec4406cca0140dfab831/bed975c4-8ec7-11ee-829b-5e8c96b8dcdd_27674635.jpg",
      "categories": [
        "MLÉČNÉ A CHLAZENÉ",
        "ROSTLINNÉ PRODUKTY"
      ],
      "prices": [
        {
          "store_name": "Albert",
          "price": 48.9,
          "original_price": null,
          "unit_price": 489.0,
          "unit": "Kg",
          "package_size": "100 g",
          "condition": null
        }
      ],
      "description": null
    },
    {
      "name": "Natura Kukuřičný škrob",
      "brand": "Natura",
      "product_url": "https://wolt.com/cs/cze/prague/venue/albert-vinohradska/natura-kukuricny-skrob-itemid-64ca0b7cba162577de489600",
      "image_url": "https://imageproxy.wolt.com/menu/menu-images/64ffec4406cca0140dfab831/32cd12a0-8ebf-11ee-87eb-0e9fc0f27358_27098899.jpg",
      "categories": [
        "TRVANLIVÉ",
        "PEČENÍ A VAŘENÍ"
      ],
      "prices": [
        {
          "store_name": "Albert",
          "price": 39.9,
          "original_price": null,
          "unit_price": 199.5,
          "unit": "Kg",
          "package_size": "200 g",
          "condition": null
        }
      ],
      "description": null
    },
    {
      "name": "Tatra Mléko plnotučné 3,5% trvanlivé",
      "brand": "Tatra",
      "product_url": "https://wolt.com/cs/cze/prague/venue/albert-vinohradska/tatra-mleko-plnotucne-3-5-trvanlive-itemid-64ca0b7cba162577de4891f3",
      "image_url": "https://imageproxy.wolt.com/menu/menu-images/64ffec4406cca0140dfab831/7ea58924-8eb9-11ee-aa01-1ec840397d06_26432731.jpg",
      "categories": [
        "MLÉČNÉ A CHLAZENÉ",
        "MLÉČNÉ NÁPOJE"
      ],
      "prices": [
        {
          "store_name": "Albert",
          "price": 29.9,
          "original_price": null,
          "unit_price": 29.9,
          "unit": "l",
          "package_size": "1 l",
          "condition": null
        }
      ],
      "description": null
    },
    {
      "name": "Albert Pistácie pražené solené",
      "brand": "Albert",
      "product_url": "https://wolt.com/cs/cze/prague/venue/albert-vinohradska/albert-pistacie-prazene-solene-itemid-64ca0b7cba162577de4897df",
      "image_url": "https://imageproxy.wolt.com/menu/menu-images/64ffec4406cca0140dfab831/b099f54a-8eba-11ee-8053-325d7328b531_26667492.jpg",
      "categories": [
        "TRVANLIVÉ",
        "SLANÉ"
      ],
      "prices": [
        {
          "store_name": "Albert",
          "price": 59.9,
          "original_price": null,
          "unit_price": 599.0,
          "unit": "Kg",
          "package_size": "100 g",
          "condition": null
        }
      ],
      "description": null
    },
    {
      "name": "Nature's Promise Kids Želé s příchutí broskve",
      "brand": "Nature's Promise",
      "product_url": "https://wolt.com/cs/cze/prague/venue/albert-vinohradska/nature-s-promise-kids-zele-s-prichuti-broskve-itemid-66020af3c315873ee3a191d8",
      "image_url": "https://imageproxy.wolt.com/menu/menu-images/6601c613e48d1c8d95333085/74a6d972-eae5-11ee-9225-063f1831dce3_27843437.jpg",
      "categories": [
        "TRVANLIVÉ",
        "SLADKOSTI"
      ],
      "prices": [
        {
          "store_name": "Albert",
          "price": null,
          "original_price": null,
          "unit_price": 568.57,
          "unit": "Kg",
          "package_size": "35 g",
          "condition": "Sleva"
        }
      ],
      "description": null
    },
    {
      "name": "Mlékárna Kunín Athentikos jogurt bílý",
      "brand": "Mlékárna Kunín",
      "product_url": "https://wolt.com/cs/cze/prague/venue/albert-vinohradska/mlekarna-kunin-athentikos-jogurt-bily-itemid-657233256818b938df947868",
      "image_url": "https://imageproxy.wolt.com/menu/menu-images/64ffec4406cca0140dfab831/db608564-8ebf-11ee-bed1-76bc1f0dfb09_27136294.jpg",
      "categories": [
        "MLÉČNÉ A CHLAZENÉ",
        "JOGURTY A DEZERTY"
      ],
      "prices": [
        {
          "store_name": "Albert",
          "price": 20.9,
          "original_price": null,
          "unit_price": 149.29,
          "unit": "Kg",
          "package_size": "140 g",
          "condition": null
        }
      ],
      "description": null
    },
    {
      "name": "Milo Dent ústní voda White fresh",
      "brand": "Milo",
      "product_url": "https://wolt.com/cs/cze/prague/venue/albert-vinohradska/milo-dent-ustni-voda-white-fresh-itemid-651c85ce620884e9c7c006bb",
      "image_url": "https://imageproxy.wolt.com/menu/menu-images/64ffec4406cca0140dfab831/8cbf519e-8ebd-11ee-a871-be2d1bdd5ebf_26951201.jpg",
      "categories": [
        "DROGERIE A KOSMETIKA",
        "ÚSTNÍ HYGIENA"
      ],
      "prices": [
        {
          "store_name": "Albert",
          "price": 49.9,
          "original_price": null,
          "unit_price": 99.8,
          "unit": "l",
          "package_size": "500 ml",
          "condition": null
        }
      ],
      "description": null
    },
    {
      "name": "Emma Klikva brusinka kanadská",
      "brand": "Emma",
      "product_url": "https://wolt.com/cs/cze/prague/venue/albert-vinohradska/emma-klikva-brusinka-kanadska-itemid-64ca0b7cba162577de48885f",
      "image_url": "https://imageproxy.wolt.com/menu/menu-images/63ad795db242366d1f818f36/e52b5e6c-4804-11ef-b6cf-aa4c2a42a5ae_24983174.jpg",
      "categories": [
        "OVOCE A ZELENINA",
        "SUCHÉ PLODY"
      ],
      "prices": [
        {
          "store_name": "Albert",
          "price": null,
          "original_price": null,
          "unit_price": 174.5,
          "unit": "Kg",
          "package_size": "200 g",
          "condition": "Sleva"
        }
      ],
      "description": null
    },
    {
      "name": "Bitters Shirataki Špagety slim",
      "brand": "Bitters",
      "product_url": "https://wolt.com/cs/cze/prague/venue/albert-vinohradska/bitters-shirataki-spagety-slim-itemid-64ca0b7cba162577de489aae",
      "image_url": "https://imageproxy.wolt.com/menu/menu-images/64ffec4406cca0140dfab831/468a0b3c-8ec8-11ee-b6de-fedb83882cb3_27712023.jpg",
      "categories": [
        "TRVANLIVÉ",
        "PEČENÍ A VAŘENÍ"
      ],
      "prices": [
        {
          "store_name": "Albert",
          "price": 68.9,
          "original_price": null,
          "unit_price": 344.5,
          "unit": "Kg",
          "package_size": "200 g",
          "condition": null
        }
      ],
      "description": null
    },
    {
      "name": "Actimel probiotický nápoj jogurtový bílý slazený",
      "brand": "Actimel",
      "product_url": "https://wolt.com/cs/cze/prague/venue/albert-vinohradska/actimel-probioticky-napoj-jogurtovy-bily-slazeny-itemid-64ca0b7cba162577de489266",
      "image_url": "https://imageproxy.wolt.com/menu/menu-images/63ad795db242366d1f818f36/3625348c-1c04-11ef-b5f4-fee5a43e075b_22291271.jpg",
      "categories": [
        "MLÉČNÉ A CHLAZENÉ",
        "MLÉČNÉ NÁPOJE"
      ],
      "prices": [
        {
          "store_name": "Albert",
          "price": 129.9,
          "original_price": null,
          "unit_price": 162.38,
          "unit": "Kg",
          "package_size": "800 g",
          "condition": null
        }
      ],
      "description": null
    },
    {
      "name": "Taft True Volume pěnové tužidlo 5",
      "brand": "Taft",
      "product_url": "https://wolt.com/cs/cze/prague/venue/albert-vinohradska/taft-true-volume-penove-tuzidlo-5-itemid-657233256818b938df947a0a",
      "image_url": "https://imageproxy.wolt.com/menu/menu-images/63ad795db242366d1f818f36/3f25343e-0b7d-11ef-982d-7e8e6fe01bc6_25449440.jpg",
      "categories": [
        "DROGERIE A KOSMETIKA",
        "PÉČE O VLASY"
      ],
      "prices": [
        {
          "store_name": "Albert",
          "price": 129.9,
          "original_price": null,
          "unit_price": 649.5,
          "unit": "l",
          "package_size": "200 ml",
          "condition": null
        }
      ],
      "description": null
    },
    {
      "name": "Opavia Zlaté Polomáčené sušenky mléčné",
      "brand": "Opavia",
      "product_url": "https://wolt.com/cs/cze/prague/venue/albert-vinohradska/opavia-zlate-polomacene-susenky-mlecne-itemid-64ca0b7cba162577de4887ab",
      "image_url": "https://imageproxy.wolt.com/menu/menu-images/63ad795db242366d1f818f36/c756ebce-5efa-11ef-8ee2-56b4f175fe4c_23186897.jpg",
      "categories": [
        "TRVANLIVÉ",
        "SLADKOSTI"
      ],
      "prices": [
        {
          "store_name": "Albert",
          "price": 25.9,
          "original_price": null,
          "unit_price": 259.0,
          "unit": "Kg",
          "package_size": "100 g",
          "condition": null
        }
      ],
      "description": null
    },
    {
      "name": "Nature's Promise Bio Olej kokosový extra panenský",
      "brand": "Nature's Promise",
      "product_url": "https://wolt.com/cs/cze/prague/venue/albert-vinohradska/nature-s-promise-bio-olej-kokosovy-extra-panensky-itemid-64ca0b7cba162577de488db7",
      "image_url": "https://imageproxy.wolt.com/menu/menu-images/64ffec4406cca0140dfab831/6b892208-8ebc-11ee-badb-5eb9bb96d91f_26842189.jpg",
      "categories": [
        "TRVANLIVÉ",
        "OLEJE A OCTY"
      ],
      "prices": [
        {
          "store_name": "Albert",
          "price": null,
          "original_price": null,
          "unit_price": 229.5,
          "unit": "l",
          "package_size": "200 ml",
          "condition": "Sleva"
        }
      ],
      "description": null
    },
    {
      "name": "Labeta Ovocný pektin",
      "brand": "Labeta",
      "product_url": "https://wolt.com/cs/cze/prague/venue/albert-vinohradska/labeta-ovocny-pektin-itemid-64ca0b7cba162577de48a07a",
      "image_url": "https://imageproxy.wolt.com/menu/menu-images/63ad795db242366d1f818f36/79fee6c4-cca1-11ee-b9af-52de750f1002_27102138.jpg",
      "categories": [
        "TRVANLIVÉ",
        "PEČENÍ A VAŘENÍ"
      ],
      "prices": [
        {
          "store_name": "Albert",
          "price": 39.9,
          "original_price": null,
          "unit_price": 1995.0,
          "unit": "Kg",
          "package_size": "20 g",
          "condition": null
        }
      ],
      "description": null
    },
    {
      "name": "Avokádo Určeno k dozrání",
      "brand": "Avokádo",
      "product_url": "https://wolt.com/cs/cze/prague/venue/albert-vinohradska/avokado-urceno-k-dozrani-itemid-64ca0b7cba162577de4886f9",
      "image_url": "https://imageproxy.wolt.com/menu/menu-images/64ffec4406cca0140dfab831/f5e4d0d8-8eac-11ee-914f-8636be6bb170_20443467.jpg",
      "categories": [
        "OVOCE A ZELENINA",
        "OVOCE"
      ],
      "prices": [
        {
          "store_name": "Albert",
          "price": 29.9,
          "original_price": null,
          "unit_price": 29.9,
          "unit": "ks",
          "package_size": "‪1‬ kus",
          "condition": null
        }
      ],
      "description": null
    },
    {
      "name": "STR8 Original Deodorant sprej",
      "brand": "STR8",
      "product_url": "https://wolt.com/cs/cze/prague/venue/albert-vinohradska/str8-original-deodorant-sprej-itemid-64ca0b7cba162577de48a033",
      "image_url": "https://imageproxy.wolt.com/menu/menu-images/64ffec4406cca0140dfab831/068647ca-8ebf-11ee-ab7c-76bc1f0dfb09_27086391.jpg",
      "categories": [
        "DROGERIE A KOSMETIKA",
        "DEODORANTY"
      ],
      "prices": [
        {
          "store_name": "Albert",
          "price": 76.9,
          "original_price": null,
          "unit_price": 512.67,
          "unit": "l",
          "package_size": "150 ml",
          "condition": null
        }
      ],
      "description": null
    },
    {
      "name": "Albert Toustový chléb tmavý, krájený",
      "brand": "Albert",
      "product_url": "https://wolt.com/cs/cze/prague/venue/albert-vinohradska/albert-toustovy-chleb-tmavy-krajeny-itemid-657233256818b938df94783f",
      "image_url": "https://imageproxy.wolt.com/menu/menu-images/64ffec4406cca0140dfab831/925e0aa2-8eb1-11ee-9458-4ac825cfc539_24413756.jpg",
      "categories": [
        "PEKÁRNA A CUKRÁRNA",
        "CHLÉB BALENÝ"
      ],
      "prices": [
        {
          "store_name": "Albert",
          "price": 22.9,
          "original_price": null,
          "unit_price": 91.6,
          "unit": "Kg",
          "package_size": "250 g",
          "condition": null
        }
      ],
      "description": null
    },
    {
      "name": "Emma Kokos strouhaný",
      "brand": "Emma",
      "product_url": "https://wolt.com/cs/cze/prague/venue/albert-vinohradska/emma-kokos-strouhany-itemid-64ca0b7cba162577de488717",
      "image_url": "https://imageproxy.wolt.com/menu/menu-images/63ad795db242366d1f818f36/de6dec16-d995-11ef-b0fe-dad26f29a3ad_23726062.jpg",
      "categories": [
        "OVOCE A ZELENINA",
        "SUCHÉ PLODY"
      ],
      "prices": [
        {
          "store_name": "Albert",
          "price": 32.9,
          "original_price": null,
          "unit_price": 164.5,
          "unit": "Kg",
          "package_size": "200 g",
          "condition": null
        }
      ],
      "description": null
    },
    {
      "name": "Jar Sensitive Teatree & Mint na nádobí",
      "brand": "Jar",
      "product_url": "https://wolt.com/cs/cze/prague/venue/albert-vinohradska/jar-sensitive-teatree-mint-na-nadobi-itemid-64ca0b7cba162577de488d45",
      "image_url": "https://imageproxy.wolt.com/menu/menu-images/63ad795db242366d1f818f36/8b2976f6-9796-11ef-bbea-e6ac839a8da8_24186711.jpg",
      "categories": [
        "DROGERIE A KOSMETIKA",
        "MYTÍ NÁDOBÍ"
      ],
      "prices": [
        {
          "store_name": "Albert",
          "price": 79.9,
          "original_price": null,
          "unit_price": 88.78,
          "unit": "l",
          "package_size": "900 ml",
          "condition": null
        }
      ],
      "description": null
    },
    {
      "name": "Albert Petržel hladkolistá vanička",
      "brand": "Albert",
      "product_url": "https://wolt.com/cs/cze/prague/venue/albert-vinohradska/albert-petrzel-hladkolista-vanicka-itemid-64ca0b7cba162577de488469",
      "image_url": "https://imageproxy.wolt.com/menu/menu-images/64ffec4406cca0140dfab831/fe923a18-8eac-11ee-a592-0ad9bf6baf5b_20444112.jpg",
      "categories": [
        "OVOCE A ZELENINA",
        "BYLINKY A KOŘENÍ"
      ],
      "prices": [
        {
          "store_name": "Albert",
          "price": 22.9,
          "original_price": null,
          "unit_price": 458.0,
          "unit": "Kg",
          "package_size": "50 g",
          "condition": null
        }
      ],
      "description": null
    },
    {
      "name": "Capri-Sun multivitamin",
      "brand": "Capri-Sun",
      "product_url": "https://wolt.com/cs/cze/prague/venue/albert-vinohradska/capri-sun-multivitamin-itemid-64ca0b7cba162577de489026",
      "image_url": "https://imageproxy.wolt.com/menu/menu-images/64ffec4406cca0140dfab831/52903ec6-8ead-11ee-8c20-1aab45c8976d_20736378.jpg",
      "categories": [
        "NÁPOJE",
        "DŽUSY A NEKTARY"
      ],
      "prices": [
        {
          "store_name": "Albert",
          "price": 13.9,
          "original_price": null,
          "unit_price": 69.5,
          "unit": "l",
          "package_size": "200 ml",
          "condition": null
        }
      ],
      "description": null
    },
    {
      "name": "Kotányi mlýnek Himalájská sůl",
      "brand": "Kotányi",
      "product_url": "https://wolt.com/cs/cze/prague/venue/albert-vinohradska/kotanyi-mlynek-himalajska-sul-itemid-657233256818b938df947ea4",
      "image_url": "https://imageproxy.wolt.com/menu/menu-images/64ffec4406cca0140dfab831/83d83bfc-8eb5-11ee-ade0-662d260bbeaa_25577020.jpg",
      "categories": [
        "TRVANLIVÉ",
        "KOŘENÍ A OCHUCOVADLA"
      ],
      "prices": [
        {
          "store_name": "Albert",
          "price": null,
          "original_price": null,
          "unit_price": 680.68,
          "unit": "Kg",
          "package_size": "88 g",
          "condition": "Sleva"
        }
      ],
      "description": null
    },
    {
      "name": "Pedro Tutti Frutti pásky",
      "brand": "Pedro",
      "product_url": "https://wolt.com/cs/cze/prague/venue/albert-vinohradska/pedro-tutti-frutti-pasky-itemid-64ca0b7cba162577de4895be",
      "image_url": "https://imageproxy.wolt.com/menu/menu-images/64ffec4406cca0140dfab831/7ea877b0-8eb9-11ee-9daf-1ec840397d06_26433165.jpg",
      "categories": [
        "TRVANLIVÉ",
        "SLADKOSTI"
      ],
      "prices": [
        {
          "store_name": "Albert",
          "price": 23.9,
          "original_price": null,
          "unit_price": 298.75,
          "unit": "Kg",
          "package_size": "80 g",
          "condition": null
        }
      ],
      "description": null
    },
    {
      "name": "Pearl River Bridge Růžový zázvor krájený",
      "brand": "Pearl River Bridge",
      "product_url": "https://wolt.com/cs/cze/prague/venue/albert-vinohradska/pearl-river-bridge-ruzovy-zazvor-krajeny-itemid-64ca0b7cba162577de48a693",
      "image_url": "https://imageproxy.wolt.com/menu/menu-images/64ffec4406cca0140dfab831/63a794dc-8ec8-11ee-b781-fe512f326f5c_27718261.jpg",
      "categories": [
        "TRVANLIVÉ",
        "MEZINÁRODNÍ KUCHYNĚ"
      ],
      "prices": [
        {
          "store_name": "Albert",
          "price": 49.9,
          "original_price": null,
          "unit_price": 249.5,
          "unit": "Kg",
          "package_size": "200 g",
          "condition": null
        }
      ],
      "description": null
    },
    {
      "name": "Emma Müsli zapékané s lískovými ořechy",
      "brand": "Emma",
      "product_url": "https://wolt.com/cs/cze/prague/venue/albert-vinohradska/emma-musli-zapekane-s-liskovymi-orechy-itemid-64ca0b7cba162577de489919",
      "image_url": "https://imageproxy.wolt.com/menu/menu-images/63ad795db242366d1f818f36/91ab864c-aef6-11ee-997c-1e1d6aa24e1a_24702508.jpg",
      "categories": [
        "TRVANLIVÉ",
        "MÜSLI A CEREÁLIE"
      ],
      "prices": [
        {
          "store_name": "Albert",
          "price": 45.9,
          "original_price": null,
          "unit_price": 131.14,
          "unit": "Kg",
          "package_size": "350 g",
          "condition": null
        }
      ],
      "description": null
    },
    {
      "name": "Lipton Ledový čaj zelený",
      "brand": "Lipton",
      "product_url": "https://wolt.com/cs/cze/prague/venue/albert-vinohradska/lipton-ledovy-caj-zeleny-itemid-64ca0b7cba162577de4890c3",
      "image_url": "https://imageproxy.wolt.com/menu/menu-images/63ad795db242366d1f818f36/9bc77fd0-df7c-11ee-a534-6ef0b3037c58_23297555.jpg",
      "categories": [
        "NÁPOJE",
        "LIMONÁDY"
      ],
      "prices": [
        {
          "store_name": "Albert",
          "price": 41.9,
          "original_price": null,
          "unit_price": 27.93,
          "unit": "l",
          "package_size": "1,5 l",
          "condition": null
        }
      ],
      "description": null
    },
    {
      "name": "Pez hroznový cukr jahoda",
      "brand": "Pez",
      "product_url": "https://wolt.com/cs/cze/prague/venue/albert-vinohradska/pez-hroznovy-cukr-jahoda-itemid-64ca0b7cba162577de48880b",
      "image_url": "https://imageproxy.wolt.com/menu/menu-images/64ffec4406cca0140dfab831/a0333864-8eb6-11ee-98ad-aa70cbf91f77_25796889.jpg",
      "categories": [
        "TRVANLIVÉ",
        "SLADKOSTI"
      ],
      "prices": [
        {
          "store_name": "Albert",
          "price": 13.9,
          "original_price": null,
          "unit_price": 356.41,
          "unit": "Kg",
          "package_size": "39 g",
          "condition": null
        }
      ],
      "description": null
    },
    {
      "name": "Aperol 11%",
      "brand": "Aperol",
      "product_url": "https://wolt.com/cs/cze/prague/venue/albert-vinohradska/aperol-11-itemid-64ca0b7cba162577de488857",
      "image_url": "https://imageproxy.wolt.com/menu/menu-images/64ffec4406cca0140dfab831/246ee38c-8eb5-11ee-bdac-fe2992cf6bd0_25510539.jpg",
      "categories": [
        "NÁPOJE",
        "LIHOVINY"
      ],
      "prices": [
        {
          "store_name": "Albert",
          "price": 399.0,
          "original_price": null,
          "unit_price": 570.0,
          "unit": "l",
          "package_size": "700 ml, 11% alc",
          "condition": "18+"
        }
      ],
      "description": null
    },
    {
      "name": "Nature's Promise Bio Kids Mrazem sušené jahody",
      "brand": "Nature's Promise",
      "product_url": "https://wolt.com/cs/cze/prague/venue/albert-vinohradska/nature-s-promise-bio-kids-mrazem-susene-jahody-itemid-6601f062ce0ec50e8160a36c",
      "image_url": "https://imageproxy.wolt.com/menu/menu-images/63ad795db242366d1f818f36/9f136c62-8e26-11f0-a6ec-3e4badae230e_27796498.jpg",
      "categories": [
        "OVOCE A ZELENINA",
        "SUCHÉ PLODY"
      ],
      "prices": [
        {
          "store_name": "Albert",
          "price": null,
          "original_price": null,
          "unit_price": 2326.67,
          "unit": "Kg",
          "package_size": "15 g",
          "condition": "Sleva"
        }
      ],
      "description": null
    },
    {
      "name": "La Chouffe Blonde",
      "brand": "La",
      "product_url": "https://wolt.com/cs/cze/prague/venue/albert-vinohradska/la-chouffe-blonde-itemid-657233256818b938df9486da",
      "image_url": "https://imageproxy.wolt.com/menu/menu-images/64ffec4406cca0140dfab831/0a07b076-8ebc-11ee-bd4f-0e9fc0f27358_26816487.jpg",
      "categories": [
        "NÁPOJE",
        "PIVA"
      ],
      "prices": [
        {
          "store_name": "Albert",
          "price": 79.9,
          "original_price": null,
          "unit_price": 242.12,
          "unit": "l",
          "package_size": "330 ml, 8% alc",
          "condition": "18+, Vyprodáno"
        }
      ],
      "description": null
    },
    {
      "name": "Albert Excellent Avokádo Ready to eat",
      "brand": "Albert Excellent",
      "product_url": "https://wolt.com/cs/cze/prague/venue/albert-vinohradska/albert-excellent-avokado-ready-to-eat-itemid-64ca0b7cba162577de4886a3",
      "image_url": "https://imageproxy.wolt.com/menu/menu-images/6745ec28c3b7723db3588430/0ebfb21a-da6b-11f0-a4cd-3a0c19dea9cf_25048926.jpg",
      "categories": [
        "OVOCE A ZELENINA",
        "OVOCE"
      ],
      "prices": [
        {
          "store_name": "Albert",
          "price": 69.9,
          "original_price": null,
          "unit_price": 34.95,
          "unit": "ks",
          "package_size": "‪2‬ kusů",
          "condition": null
        }
      ],
      "description": null
    },
    {
      "name": "Ben & Jerry's Brookieees and Cream",
      "brand": "Ben & Jerry's",
      "product_url": "https://wolt.com/cs/cze/prague/venue/albert-vinohradska/ben-jerry-s-brookieees-and-cream-itemid-69309ace56094a48f214fd4b",
      "image_url": "https://imageproxy.wolt.com/menu/menu-images/64b62ec5e5ab70cdc92e30f0/31ba635c-616f-11f0-befa-4e92ee44ffbc_27969045.jpg",
      "categories": [
        "MRAŽENÉ POTRAVINY",
        "ZMRZLINA A NANUKY"
      ],
      "prices": [
        {
          "store_name": "Albert",
          "price": 159.0,
          "original_price": null,
          "unit_price": 341.94,
          "unit": "l",
          "package_size": "465 ml",
          "condition": null
        }
      ],
      "description": null
    },
    {
      "name": "Madeta Balkánský sýr tzatziki",
      "brand": "Madeta",
      "product_url": "https://wolt.com/cs/cze/prague/venue/albert-vinohradska/madeta-balkansky-syr-tzatziki-itemid-64ca0b7cba162577de4898d0",
      "image_url": "https://imageproxy.wolt.com/menu/menu-images/64ffec4406cca0140dfab831/ac371adc-8eb5-11ee-acf9-96ff514b0205_25610734.jpg",
      "categories": [
        "MLÉČNÉ A CHLAZENÉ",
        "SÝRY"
      ],
      "prices": [
        {
          "store_name": "Albert",
          "price": 35.9,
          "original_price": null,
          "unit_price": 312.17,
          "unit": "Kg",
          "package_size": "115 g",
          "condition": null
        }
      ],
      "description": null
    },
    {
      "name": "Madeta Sýr na pánev",
      "brand": "Madeta",
      "product_url": "https://wolt.com/cs/cze/prague/venue/albert-vinohradska/madeta-syr-na-panev-itemid-64ca0b7cba162577de488ac5",
      "image_url": "https://imageproxy.wolt.com/menu/menu-images/64ffec4406cca0140dfab831/204d44c4-8ec4-11ee-9382-62169a0e6c38_27449066.jpg",
      "categories": [
        "MLÉČNÉ A CHLAZENÉ",
        "SÝRY"
      ],
      "prices": [
        {
          "store_name": "Albert",
          "price": 39.9,
          "original_price": null,
          "unit_price": 399.0,
          "unit": "Kg",
          "package_size": "100 g",
          "condition": null
        }
      ],
      "description": null
    },
    {
      "name": "Lybar Original Extra Hard silně tužící lak na vlasy",
      "brand": "Lybar",
      "product_url": "https://wolt.com/cs/cze/prague/venue/albert-vinohradska/lybar-original-extra-hard-silne-tuzici-lak-na-vlasy-itemid-64ca0b7cba162577de489be4",
      "image_url": "https://imageproxy.wolt.com/menu/menu-images/64ffec4406cca0140dfab831/94eb71fc-8eb0-11ee-bed7-662d260bbeaa_23890619.jpg",
      "categories": [
        "DROGERIE A KOSMETIKA",
        "PÉČE O VLASY"
      ],
      "prices": [
        {
          "store_name": "Albert",
          "price": 119.9,
          "original_price": null,
          "unit_price": 299.75,
          "unit": "l",
          "package_size": "400 ml",
          "condition": null
        }
      ],
      "description": null
    },
    {
      "name": "Liptov Bryndza sýr termizovaný",
      "brand": "Liptov",
      "product_url": "https://wolt.com/cs/cze/prague/venue/albert-vinohradska/liptov-bryndza-syr-termizovany-itemid-64ca0b7cba162577de489496",
      "image_url": "https://imageproxy.wolt.com/menu/menu-images/63ad795db242366d1f818f36/326a2748-26ff-11ef-acb5-d693e528d271_22936288.jpg",
      "categories": [
        "MLÉČNÉ A CHLAZENÉ",
        "SÝRY"
      ],
      "prices": [
        {
          "store_name": "Albert",
          "price": 52.9,
          "original_price": null,
          "unit_price": 529.0,
          "unit": "Kg",
          "package_size": "100 g",
          "condition": null
        }
      ],
      "description": null
    },
    {
      "name": "Malva Hořčice plnotučná",
      "brand": "Malva",
      "product_url": "https://wolt.com/cs/cze/prague/venue/albert-vinohradska/malva-horcice-plnotucna-itemid-64ca0b7cba162577de488597",
      "image_url": "https://imageproxy.wolt.com/menu/menu-images/63ad795db242366d1f818f36/aaeb56b4-ed43-11ef-a692-a2633eab7c0e_20305420.jpg",
      "categories": [
        "TRVANLIVÉ",
        "KEČUPY A HOŘČICE"
      ],
      "prices": [
        {
          "store_name": "Albert",
          "price": 13.9,
          "original_price": null,
          "unit_price": 69.5,
          "unit": "Kg",
          "package_size": "200 g",
          "condition": null
        }
      ],
      "description": null
    },
    {
      "name": "Opavia Bochánky čokoládové",
      "brand": "Opavia",
      "product_url": "https://wolt.com/cs/cze/prague/venue/albert-vinohradska/opavia-bochanky-cokoladove-itemid-64ca0b7cba162577de488117",
      "image_url": "https://imageproxy.wolt.com/menu/menu-images/63ad795db242366d1f818f36/ff082c2e-f8ef-11ef-ae64-a6d5546f0e04_27450581.jpg",
      "categories": [
        "TRVANLIVÉ",
        "SLADKOSTI"
      ],
      "prices": [
        {
          "store_name": "Albert",
          "price": 49.9,
          "original_price": null,
          "unit_price": 356.43,
          "unit": "Kg",
          "package_size": "140 g",
          "condition": null
        }
      ],
      "description": null
    },
    {
      "name": "Albert Jogurt selský bílý",
      "brand": "Albert",
      "product_url": "https://wolt.com/cs/cze/prague/venue/albert-vinohradska/albert-jogurt-selsky-bily-itemid-64ca0b7cba162577de488149",
      "image_url": "https://imageproxy.wolt.com/menu/menu-images/64ffec4406cca0140dfab831/2056f81e-8eb7-11ee-a88c-06c7de8dd7bf_25890860.jpg",
      "categories": [
        "MLÉČNÉ A CHLAZENÉ",
        "JOGURTY A DEZERTY"
      ],
      "prices": [
        {
          "store_name": "Albert",
          "price": 12.9,
          "original_price": null,
          "unit_price": 71.67,
          "unit": "Kg",
          "package_size": "180 g",
          "condition": null
        }
      ],
      "description": null
    },
    {
      "name": "Nature's Promise Kids Müsli tyčinky višňové",
      "brand": "Nature's Promise",
      "product_url": "https://wolt.com/cs/cze/prague/venue/albert-vinohradska/nature-s-promise-kids-musli-tycinky-visnove-itemid-64ca0b7cba162577de488583",
      "image_url": "https://imageproxy.wolt.com/menu/menu-images/64ffec4406cca0140dfab831/9a6b9f7a-8ec5-11ee-a846-bad10d590585_27557839.jpg",
      "categories": [
        "TRVANLIVÉ",
        "SLADKOSTI"
      ],
      "prices": [
        {
          "store_name": "Albert",
          "price": null,
          "original_price": null,
          "unit_price": 212.86,
          "unit": "Kg",
          "package_size": "70 g",
          "condition": "Sleva"
        }
      ],
      "description": null
    },
    {
      "name": "Nature's Promise Bio Pečená masa kořenící směs",
      "brand": "Nature's Promise",
      "product_url": "https://wolt.com/cs/cze/prague/venue/albert-vinohradska/nature-s-promise-bio-pecena-masa-korenici-smes-itemid-681b5abffcbd67bf7a8f49e0",
      "image_url": "https://imageproxy.wolt.com/menu/menu-images/63ad795db242366d1f818f36/9b76929c-2b47-11f0-9fb7-ba04dab492bf_27935934.jpg",
      "categories": [
        "TRVANLIVÉ",
        "KOŘENÍ A OCHUCOVADLA"
      ],
      "prices": [
        {
          "store_name": "Albert",
          "price": 19.9,
          "original_price": null,
          "unit_price": 995.0,
          "unit": "Kg",
          "package_size": "20 g",
          "condition": null
        }
      ],
      "description": null
    },
    {
      "name": "Bogutti Milk Fudges mléčné karamelky",
      "brand": "Bogutti",
      "product_url": "https://wolt.com/cs/cze/prague/venue/albert-vinohradska/bogutti-milk-fudges-mlecne-karamelky-itemid-64ca0b7cba162577de4895b6",
      "image_url": "https://imageproxy.wolt.com/menu/menu-images/64ffec4406cca0140dfab831/37af3682-8eb9-11ee-844d-865f2970631c_26384962.jpg",
      "categories": [
        "TRVANLIVÉ",
        "SLADKOSTI"
      ],
      "prices": [
        {
          "store_name": "Albert",
          "price": 19.9,
          "original_price": null,
          "unit_price": 199.0,
          "unit": "Kg",
          "package_size": "100 g",
          "condition": null
        }
      ],
      "description": null
    },
    {
      "name": "Pedigree Vital Protection hovězí maso a zelenina",
      "brand": "Pedigree",
      "product_url": "https://wolt.com/cs/cze/prague/venue/albert-vinohradska/pedigree-vital-protection-hovezi-maso-a-zelenina-itemid-64ca0b7cba162577de489e27",
      "image_url": "https://imageproxy.wolt.com/menu/menu-images/64ffec4406cca0140dfab831/1c1d461a-8eb5-11ee-93be-36180384687e_25493092.jpg",
      "categories": [
        "ZVÍŘATA",
        "PSI"
      ],
      "prices": [
        {
          "store_name": "Albert",
          "price": 289.0,
          "original_price": null,
          "unit_price": 144.5,
          "unit": "Kg",
          "package_size": "2 kg",
          "condition": null
        }
      ],
      "description": null
    },
    {
      "name": "Sladidlo Stévien",
      "brand": "Sladidlo",
      "product_url": "https://wolt.com/cs/cze/prague/venue/albert-vinohradska/sladidlo-stevien-itemid-64ca0b7cba162577de4899c5",
      "image_url": "https://imageproxy.wolt.com/menu/menu-images/64ffec4406cca0140dfab831/445aedf4-8ec3-11ee-8c32-12c42007f0a2_27368008.jpg",
      "categories": [
        "TRVANLIVÉ",
        "PEČENÍ A VAŘENÍ"
      ],
      "prices": [
        {
          "store_name": "Albert",
          "price": 99.9,
          "original_price": null,
          "unit_price": 666.0,
          "unit": "Kg",
          "package_size": "150 g",
          "condition": null
        }
      ],
      "description": null
    },
    {
      "name": "Fa Men sprchový gel Sport 2v1",
      "brand": "Fa",
      "product_url": "https://wolt.com/cs/cze/prague/venue/albert-vinohradska/fa-men-sprchovy-gel-sport-2v1-itemid-64ca0b7cba162577de489e58",
      "image_url": "https://imageproxy.wolt.com/menu/menu-images/6745ec28c3b7723db3588430/5a9c0b88-eb01-11f0-b7fb-d6f5ab925991_23143159.jpg",
      "categories": [
        "DROGERIE A KOSMETIKA",
        "MÝDLA A GELY"
      ],
      "prices": [
        {
          "store_name": "Albert",
          "price": 69.9,
          "original_price": null,
          "unit_price": 279.6,
          "unit": "l",
          "package_size": "250 ml",
          "condition": null
        }
      ],
      "description": null
    },
    {
      "name": "Cute Baby Dětské kalhotky Junior velikost 5",
      "brand": "Cute Baby",
      "product_url": "https://wolt.com/cs/cze/prague/venue/albert-vinohradska/cute-baby-detske-kalhotky-junior-velikost-5-itemid-64ca0b7cba162577de488cc9",
      "image_url": "https://imageproxy.wolt.com/menu/menu-images/63ad795db242366d1f818f36/054e9d5e-9796-11ef-b7a9-6e406f93c138_27158166.jpg",
      "categories": [
        "DÍTĚ",
        "PLENY A PODLOŽKY"
      ],
      "prices": [
        {
          "store_name": "Albert",
          "price": 199.0,
          "original_price": null,
          "unit_price": 4.98,
          "unit": "ks",
          "package_size": "‪40‬ kusů",
          "condition": null
        }
      ],
      "description": null
    },
    {
      "name": "Česká chuť Herkules",
      "brand": "Česká chuť",
      "product_url": "https://wolt.com/cs/cze/prague/venue/albert-vinohradska/ceska-chut-herkules-itemid-64ca0b7cba162577de488161",
      "image_url": "https://imageproxy.wolt.com/menu/menu-images/64ffec4406cca0140dfab831/0bf1c594-8ec5-11ee-8763-2e546726778e_27517383.jpg",
      "categories": [
        "UZENINY A LAHŮDKY",
        "SALÁMY"
      ],
      "prices": [
        {
          "store_name": "Albert",
          "price": null,
          "original_price": null,
          "unit_price": 199.0,
          "unit": "Kg",
          "package_size": "100 g",
          "condition": "Sleva"
        }
      ],
      "description": null
    },
    {
      "name": "Vepřová pečeně s kostí plátky",
      "brand": null,
      "product_url": "https://wolt.com/cs/cze/prague/venue/albert-vinohradska/veprova-pecene-s-kosti-platky-itemid-657233256818b938df947d71",
      "image_url": "https://imageproxy.wolt.com/menu/menu-images/64ffec4406cca0140dfab831/d1b8abd8-8eb8-11ee-8266-faf7ab9749a2_26277165.jpg",
      "categories": [
        "MASO A RYBY",
        "VEPŘOVÉ"
      ],
      "prices": [
        {
          "store_name": "Albert",
          "price": 66.88,
          "original_price": null,
          "unit_price": null,
          "unit": null,
          "package_size": null,
          "condition": "Vyprodáno"
        }
      ],
      "description": null
    },
    {
      "name": "Calippo Max Mix multipack",
      "brand": "Calippo",
      "product_url": "https://wolt.com/cs/cze/prague/venue/albert-vinohradska/calippo-max-mix-multipack-itemid-6876153a0c6218e9f3e5f488",
      "image_url": "https://imageproxy.wolt.com/menu/menu-images/64b62ec5e5ab70cdc92e30f0/3783f15e-616f-11f0-91a4-0e6ec821f888_27858325.jpg",
      "categories": [
        "MRAŽENÉ POTRAVINY",
        "ZMRZLINA A NANUKY"
      ],
      "prices": [
        {
          "store_name": "Albert",
          "price": 139.9,
          "original_price": null,
          "unit_price": 266.48,
          "unit": "l",
          "package_size": "525 ml",
          "condition": null
        }
      ],
      "description": null
    },
    {
      "name": "Nature's Promise Bio Baby Pyré dýně a mrkev",
      "brand": "Nature's Promise",
      "product_url": "https://wolt.com/cs/cze/prague/venue/albert-vinohradska/nature-s-promise-bio-baby-pyre-dyne-a-mrkev-itemid-64ca0b7cba162577de488d9f",
      "image_url": "https://imageproxy.wolt.com/menu/menu-images/64ffec4406cca0140dfab831/70517db0-8ebe-11ee-b5bb-fe8631c3d5e9_27029572.jpg",
      "categories": [
        "DÍTĚ",
        "VÝŽIVA"
      ],
      "prices": [
        {
          "store_name": "Albert",
          "price": 23.5,
          "original_price": null,
          "unit_price": 123.68,
          "unit": "Kg",
          "package_size": "190 g",
          "condition": null
        }
      ],
      "description": null
    },
    {
      "name": "Vitana Steaková omáčka med a hořčice",
      "brand": "Vitana",
      "product_url": "https://wolt.com/cs/cze/prague/venue/albert-vinohradska/vitana-steakova-omacka-med-a-horcice-itemid-64ca0b7cba162577de489e34",
      "image_url": "https://imageproxy.wolt.com/menu/menu-images/63ad795db242366d1f818f36/34e50fe0-4e4d-11ef-a8e9-062137344515_24668941.jpg",
      "categories": [
        "TRVANLIVÉ",
        "KEČUPY A HOŘČICE"
      ],
      "prices": [
        {
          "store_name": "Albert",
          "price": 79.9,
          "original_price": null,
          "unit_price": 319.6,
          "unit": "l",
          "package_size": "250 ml",
          "condition": null
        }
      ],
      "description": null
    },
    {
      "name": "Vittel Sport Neperlivá minerální voda",
      "brand": "Vittel",
      "product_url": "https://wolt.com/cs/cze/prague/venue/albert-vinohradska/vittel-sport-neperliva-mineralni-voda-itemid-64ca0b7cba162577de489d95",
      "image_url": "https://imageproxy.wolt.com/menu/menu-images/64ffec4406cca0140dfab831/a0638580-8eae-11ee-b369-ce88839a7433_22635068.jpg",
      "categories": [
        "NÁPOJE",
        "VODY A MINERÁLKY"
      ],
      "prices": [
        {
          "store_name": "Albert",
          "price": 32.9,
          "original_price": null,
          "unit_price": 43.87,
          "unit": "l",
          "package_size": "750 ml",
          "condition": null
        }
      ],
      "description": null
    },
    {
      "name": "Racio Free Style sýr",
      "brand": "Racio",
      "product_url": "https://wolt.com/cs/cze/prague/venue/albert-vinohradska/racio-free-style-syr-itemid-64ca0b7cba162577de488f9f",
      "image_url": "https://imageproxy.wolt.com/menu/menu-images/63ad795db242366d1f818f36/c466f64a-f8ef-11ef-bba0-e26833b47bf2_24793995.jpg",
      "categories": [
        "PEKÁRNA A CUKRÁRNA",
        "RACIO A KNÄCKEBROT"
      ],
      "prices": [
        {
          "store_name": "Albert",
          "price": 15.5,
          "original_price": null,
          "unit_price": 620.0,
          "unit": "Kg",
          "package_size": "25 g",
          "condition": null
        }
      ],
      "description": null
    },
    {
      "name": "Le Coq Margarita Koktejl 4,7%",
      "brand": "Le Coq",
      "product_url": "https://wolt.com/cs/cze/prague/venue/albert-vinohradska/le-coq-margarita-koktejl-4-7-itemid-657233256818b938df948bf5",
      "image_url": "https://imageproxy.wolt.com/menu/menu-images/64ffec4406cca0140dfab831/5fcd50bc-8ec4-11ee-8b39-a2846f3734b2_27466377.jpg",
      "categories": [
        "NÁPOJE",
        "LIHOVINY"
      ],
      "prices": [
        {
          "store_name": "Albert",
          "price": 44.9,
          "original_price": null,
          "unit_price": 136.06,
          "unit": "l",
          "package_size": "330 ml, 4,7% alc",
          "condition": "18+, Vyprodáno"
        }
      ],
      "description": null
    },
    {
      "name": "Akinu Kachní prsíčka pro psy",
      "brand": "Akinu",
      "product_url": "https://wolt.com/cs/cze/prague/venue/albert-vinohradska/akinu-kachni-prsicka-pro-psy-itemid-64ca0b7cba162577de488835",
      "image_url": "https://imageproxy.wolt.com/menu/menu-images/64ffec4406cca0140dfab831/86f9d542-8eb6-11ee-bbcb-2a867062f6f7_25776218.jpg",
      "categories": [
        "ZVÍŘATA",
        "PSI"
      ],
      "prices": [
        {
          "store_name": "Albert",
          "price": null,
          "original_price": null,
          "unit_price": 438.67,
          "unit": "Kg",
          "package_size": "75 g",
          "condition": "Sleva"
        }
      ],
      "description": null
    },
    {
      "name": "Magnum Double Caramel Gold Billionaire",
      "brand": "Magnum",
      "product_url": "https://wolt.com/cs/cze/prague/venue/albert-vinohradska/magnum-double-caramel-gold-billionaire-itemid-6876153a0c6218e9f3e5f45d",
      "image_url": "https://imageproxy.wolt.com/menu/menu-images/64b62ec5e5ab70cdc92e30f0/1688ade6-616f-11f0-a536-fa8755900022_27371855.jpg",
      "categories": [
        "MRAŽENÉ POTRAVINY",
        "ZMRZLINA A NANUKY"
      ],
      "prices": [
        {
          "store_name": "Albert",
          "price": 109.9,
          "original_price": null,
          "unit_price": 249.77,
          "unit": "l",
          "package_size": "440 ml",
          "condition": null
        }
      ],
      "description": null
    },
    {
      "name": "Chio Fried Chicken Style chipsy s kuřecí příchutí",
      "brand": "Chio",
      "product_url": "https://wolt.com/cs/cze/prague/venue/albert-vinohradska/chio-fried-chicken-style-chipsy-s-kureci-prichuti-itemid-64ca0b7cba162577de4898b6",
      "image_url": "https://imageproxy.wolt.com/menu/menu-images/64ffec4406cca0140dfab831/6ed2ec5a-8ebc-11ee-b7c9-3abcd54edd52_26844121.jpg",
      "categories": [
        "TRVANLIVÉ",
        "SLANÉ"
      ],
      "prices": [
        {
          "store_name": "Albert",
          "price": 34.9,
          "original_price": null,
          "unit_price": 536.92,
          "unit": "Kg",
          "package_size": "65 g",
          "condition": null
        }
      ],
      "description": null
    },
    {
      "name": "Softé Tekuté mýdlo v sáčku Aloe Vera",
      "brand": "Softé",
      "product_url": "https://wolt.com/cs/cze/prague/venue/albert-vinohradska/softe-tekute-mydlo-v-sacku-aloe-vera-itemid-6601ff1bcfe87b2d02d68c3d",
      "image_url": "https://imageproxy.wolt.com/menu/menu-images/6601c613e48d1c8d95333085/3c8f7b58-eae4-11ee-b7aa-eeff4dfe8a12_27496114.jpg",
      "categories": [
        "DROGERIE A KOSMETIKA",
        "MÝDLA A GELY"
      ],
      "prices": [
        {
          "store_name": "Albert",
          "price": 34.9,
          "original_price": null,
          "unit_price": 34.9,
          "unit": "l",
          "package_size": "1 l",
          "condition": "Vyprodáno"
        }
      ],
      "description": null
    },
    {
      "name": "Šťáva z otického kysaného zelí",
      "brand": "Šťáva",
      "product_url": "https://wolt.com/cs/cze/prague/venue/albert-vinohradska/stava-z-otickeho-kysaneho-zeli-itemid-657233256818b938df94852a",
      "image_url": "https://imageproxy.wolt.com/menu/menu-images/64ffec4406cca0140dfab831/3c64b118-8eb2-11ee-8822-16e6bf59122a_24689267.jpg",
      "categories": [
        "NÁPOJE",
        "SIRUPY A KONCENTRÁTY"
      ],
      "prices": [
        {
          "store_name": "Albert",
          "price": 26.9,
          "original_price": null,
          "unit_price": 81.52,
          "unit": "l",
          "package_size": "330 ml",
          "condition": null
        }
      ],
      "description": null
    },
    {
      "name": "Nature's Promise Kids Tvarohový dezert",
      "brand": "Nature's Promise",
      "product_url": "https://wolt.com/cs/cze/prague/venue/albert-vinohradska/nature-s-promise-kids-tvarohovy-dezert-itemid-657233256818b938df948a82",
      "image_url": "https://imageproxy.wolt.com/menu/menu-images/64ffec4406cca0140dfab831/34fe9f8e-8eca-11ee-9aa4-6e582dc6e37d_27772669.jpg",
      "categories": [
        "MLÉČNÉ A CHLAZENÉ",
        "JOGURTY A DEZERTY"
      ],
      "prices": [
        {
          "store_name": "Albert",
          "price": null,
          "original_price": null,
          "unit_price": 123.75,
          "unit": "Kg",
          "package_size": "80 g",
          "condition": "Sleva"
        }
      ],
      "description": null
    },
    {
      "name": "Albert Houbičky maxi s abrazivní vrstvou",
      "brand": "Albert",
      "product_url": "https://wolt.com/cs/cze/prague/venue/albert-vinohradska/albert-houbicky-maxi-s-abrazivni-vrstvou-itemid-64ca0b7cba162577de48945b",
      "image_url": "https://imageproxy.wolt.com/menu/menu-images/64ffec4406cca0140dfab831/7fc31528-8ebf-11ee-a717-a2650c40792b_27122402.jpg",
      "categories": [
        "DOMÁCNOST A ZAHRADA",
        "ÚKLIDOVÉ POTŘEBY"
      ],
      "prices": [
        {
          "store_name": "Albert",
          "price": 17.9,
          "original_price": null,
          "unit_price": 3.58,
          "unit": "ks",
          "package_size": "‪5‬ kusů",
          "condition": null
        }
      ],
      "description": null
    },
    {
      "name": "Albert Anglická slanina v celku",
      "brand": "Albert",
      "product_url": "https://wolt.com/cs/cze/prague/venue/albert-vinohradska/albert-anglicka-slanina-v-celku-itemid-64ca0b7cba162577de489628",
      "image_url": "https://imageproxy.wolt.com/menu/menu-images/64ffec4406cca0140dfab831/8b7f2832-8eb7-11ee-ade4-7a99d2fb2f9f_25959109.jpg",
      "categories": [
        "UZENINY A LAHŮDKY",
        "ŠUNKY A SLANINY"
      ],
      "prices": [
        {
          "store_name": "Albert",
          "price": null,
          "original_price": null,
          "unit_price": null,
          "unit": null,
          "package_size": null,
          "condition": "Sleva, Vyprodáno"
        }
      ],
      "description": null
    },
    {
      "name": "Albert Excellent Pomazánka jahodová",
      "brand": "Albert Excellent",
      "product_url": "https://wolt.com/cs/cze/prague/venue/albert-vinohradska/albert-excellent-pomazanka-jahodova-itemid-660208b80336b1933ba9c1cc",
      "image_url": "https://imageproxy.wolt.com/menu/menu-images/63ad795db242366d1f818f36/41615c98-7fed-11ef-a00a-0a740dccf874_27627372.jpg",
      "categories": [
        "TRVANLIVÉ",
        "MEDY A SL. POMAZÁNKY"
      ],
      "prices": [
        {
          "store_name": "Albert",
          "price": 59.9,
          "original_price": null,
          "unit_price": 260.43,
          "unit": "Kg",
          "package_size": "230 g",
          "condition": null
        }
      ],
      "description": null
    },
    {
      "name": "Purina One Sterilcat Krmivo pro kočky hovězí",
      "brand": "Purina",
      "product_url": "https://wolt.com/cs/cze/prague/venue/albert-vinohradska/purina-one-sterilcat-krmivo-pro-kocky-hovezi-itemid-64ca0b7cba162577de489d30",
      "image_url": "https://imageproxy.wolt.com/menu/menu-images/63ad795db242366d1f818f36/be34cfd4-5efa-11ef-8c84-1a8ffd12be68_24662253.jpg",
      "categories": [
        "ZVÍŘATA",
        "KOČKY"
      ],
      "prices": [
        {
          "store_name": "Albert",
          "price": 129.9,
          "original_price": null,
          "unit_price": 162.38,
          "unit": "Kg",
          "package_size": "800 g",
          "condition": null
        }
      ],
      "description": null
    },
    {
      "name": "Paloma Classic Super Soft papírové kapesníky",
      "brand": "Paloma",
      "product_url": "https://wolt.com/cs/cze/prague/venue/albert-vinohradska/paloma-classic-super-soft-papirove-kapesniky-itemid-6601e3f52a1c740167311e37",
      "image_url": "https://imageproxy.wolt.com/menu/menu-images/63ad795db242366d1f818f36/1b69bea4-168e-11ef-ae13-06a1c153fee4_27706374.jpg",
      "categories": [
        "DROGERIE A KOSMETIKA",
        "PAPÍROVÁ HYGIENA"
      ],
      "prices": [
        {
          "store_name": "Albert",
          "price": 21.9,
          "original_price": null,
          "unit_price": 2.19,
          "unit": "ks",
          "package_size": "‪10‬ kusů",
          "condition": null
        }
      ],
      "description": null
    },
    {
      "name": "Perla Selection Rooibos citrónová tráva & skořice",
      "brand": "Perla",
      "product_url": "https://wolt.com/cs/cze/prague/venue/albert-vinohradska/perla-selection-rooibos-citronova-trava-skorice-itemid-651c8779da29740a18b997b5",
      "image_url": "https://imageproxy.wolt.com/menu/menu-images/64ffec4406cca0140dfab831/0386c2dc-8ecb-11ee-ab57-ba7a0888b93f_27793893.jpg",
      "categories": [
        "NÁPOJE",
        "KÁVA A ČAJ"
      ],
      "prices": [
        {
          "store_name": "Albert",
          "price": 53.5,
          "original_price": null,
          "unit_price": 1337.5,
          "unit": "Kg",
          "package_size": "40 g",
          "condition": "Vyprodáno"
        }
      ],
      "description": null
    },
    {
      "name": "Sommelier Collection Prosecco DOC",
      "brand": "Sommelier",
      "product_url": "https://wolt.com/cs/cze/prague/venue/albert-vinohradska/sommelier-collection-prosecco-doc-itemid-64ca0b7cba162577de48a40f",
      "image_url": "https://imageproxy.wolt.com/menu/menu-images/64ffec4406cca0140dfab831/361b2bb4-8ec8-11ee-bcb0-ce752cd7e428_27707142.jpg",
      "categories": [
        "NÁPOJE",
        "VÍNA"
      ],
      "prices": [
        {
          "store_name": "Albert",
          "price": 249.0,
          "original_price": null,
          "unit_price": 332.0,
          "unit": "l",
          "package_size": "750 ml, 11% alc",
          "condition": "18+"
        }
      ],
      "description": null
    },
    {
      "name": "TopNatur Low carb  kaše pistácie",
      "brand": "TopNatur",
      "product_url": "https://wolt.com/cs/cze/prague/venue/albert-vinohradska/topnatur-low-carb-kase-pistacie-itemid-657233256818b938df9478b3",
      "image_url": "https://imageproxy.wolt.com/menu/menu-images/64ffec4406cca0140dfab831/af2a6e50-8ec5-11ee-8617-3ef4a229de2c_27569184.jpg",
      "categories": [
        "TRVANLIVÉ",
        "MÜSLI A CEREÁLIE"
      ],
      "prices": [
        {
          "store_name": "Albert",
          "price": null,
          "original_price": null,
          "unit_price": 438.0,
          "unit": "Kg",
          "package_size": "50 g",
          "condition": "Sleva"
        }
      ],
      "description": null
    },
    {
      "name": "Emma Kešu pražené",
      "brand": "Emma",
      "product_url": "https://wolt.com/cs/cze/prague/venue/albert-vinohradska/emma-kesu-prazene-itemid-64ca0b7cba162577de488be5",
      "image_url": "https://imageproxy.wolt.com/menu/menu-images/63ad795db242366d1f818f36/9fd9b1f6-d995-11ef-a501-dad26f29a3ad_24850858.jpg",
      "categories": [
        "OVOCE A ZELENINA",
        "SUCHÉ PLODY"
      ],
      "prices": [
        {
          "store_name": "Albert",
          "price": 114.9,
          "original_price": null,
          "unit_price": 459.6,
          "unit": "Kg",
          "package_size": "250 g",
          "condition": null
        }
      ],
      "description": null
    },
    {
      "name": "Emma Arašídy solené",
      "brand": "Emma",
      "product_url": "https://wolt.com/cs/cze/prague/venue/albert-vinohradska/emma-arasidy-solene-itemid-64ca0b7cba162577de488223",
      "image_url": "https://imageproxy.wolt.com/menu/menu-images/63ad795db242366d1f818f36/08bef738-7a84-11ef-b6ca-6e78f02f6d8e_24671446.jpg",
      "categories": [
        "TRVANLIVÉ",
        "SLANÉ"
      ],
      "prices": [
        {
          "store_name": "Albert",
          "price": 49.9,
          "original_price": null,
          "unit_price": 99.8,
          "unit": "Kg",
          "package_size": "500 g",
          "condition": null
        }
      ],
      "description": null
    },
    {
      "name": "First Class Paštika pro kočky s drůbežím",
      "brand": "First",
      "product_url": "https://wolt.com/cs/cze/prague/venue/albert-vinohradska/first-class-pastika-pro-kocky-s-drubezim-itemid-6601f043b73ad7bfe16af857",
      "image_url": "https://imageproxy.wolt.com/menu/menu-images/6601c613e48d1c8d95333085/c4c563ea-eae2-11ee-9545-66a4d0af098d_25614817.jpg",
      "categories": [
        "ZVÍŘATA",
        "KOČKY"
      ],
      "prices": [
        {
          "store_name": "Albert",
          "price": 19.9,
          "original_price": null,
          "unit_price": null,
          "unit": null,
          "package_size": null,
          "condition": null
        }
      ],
      "description": null
    },
    {
      "name": "Madeta Jihočeská Niva 30%",
      "brand": "Madeta",
      "product_url": "https://wolt.com/cs/cze/prague/venue/albert-vinohradska/madeta-jihoceska-niva-30-itemid-657233256818b938df948881",
      "image_url": "https://imageproxy.wolt.com/menu/menu-images/64ffec4406cca0140dfab831/58899282-8ecb-11ee-80f3-82f37a4a319b_27803141.jpg",
      "categories": [
        "MLÉČNÉ A CHLAZENÉ",
        "SÝRY"
      ],
      "prices": [
        {
          "store_name": "Albert",
          "price": null,
          "original_price": null,
          "unit_price": 249.0,
          "unit": "Kg",
          "package_size": "100 g",
          "condition": "Sleva"
        }
      ],
      "description": null
    },
    {
      "name": "Rexona Black&White Antiperspirant sprej",
      "brand": "Rexona",
      "product_url": "https://wolt.com/cs/cze/prague/venue/albert-vinohradska/rexona-black-white-antiperspirant-sprej-itemid-64ca0b7cba162577de4899b4",
      "image_url": "https://imageproxy.wolt.com/menu/menu-images/64ffec4406cca0140dfab831/a753ca92-8eb5-11ee-ac21-be8c16d2d45a_25602081.jpg",
      "categories": [
        "DROGERIE A KOSMETIKA",
        "DEODORANTY"
      ],
      "prices": [
        {
          "store_name": "Albert",
          "price": 76.9,
          "original_price": null,
          "unit_price": 512.67,
          "unit": "l",
          "package_size": "150 ml",
          "condition": null
        }
      ],
      "description": null
    },
    {
      "name": "Albert sýr Camembert",
      "brand": "Albert",
      "product_url": "https://wolt.com/cs/cze/prague/venue/albert-vinohradska/albert-syr-camembert-itemid-64ca0b7cba162577de488089",
      "image_url": "https://imageproxy.wolt.com/menu/menu-images/64ffec4406cca0140dfab831/05d9e79e-8eb2-11ee-b943-2e3db4b64128_24637510.jpg",
      "categories": [
        "MLÉČNÉ A CHLAZENÉ",
        "SÝRY"
      ],
      "prices": [
        {
          "store_name": "Albert",
          "price": 29.9,
          "original_price": null,
          "unit_price": 249.17,
          "unit": "Kg",
          "package_size": "120 g",
          "condition": null
        }
      ],
      "description": null
    },
    {
      "name": "Nature's Promise Bio Baby Kuře s kaší a zeleninou",
      "brand": "Nature's Promise",
      "product_url": "https://wolt.com/cs/cze/prague/venue/albert-vinohradska/nature-s-promise-bio-baby-kure-s-kasi-a-zeleninou-itemid-64ca0b7cba162577de488e5d",
      "image_url": "https://imageproxy.wolt.com/menu/menu-images/64ffec4406cca0140dfab831/70532dfe-8ebe-11ee-aa25-723b124ceb50_27029596.jpg",
      "categories": [
        "DÍTĚ",
        "VÝŽIVA"
      ],
      "prices": [
        {
          "store_name": "Albert",
          "price": 24.9,
          "original_price": null,
          "unit_price": 131.05,
          "unit": "Kg",
          "package_size": "190 g",
          "condition": null
        }
      ],
      "description": null
    },
    {
      "name": "Always Ultra Day&Night vložky s křidélky",
      "brand": "Always",
      "product_url": "https://wolt.com/cs/cze/prague/venue/albert-vinohradska/always-ultra-day-night-vlozky-s-kridelky-itemid-64ca0b7cba162577de48a320",
      "image_url": "https://imageproxy.wolt.com/menu/menu-images/64ffec4406cca0140dfab831/5210e3e0-8eb9-11ee-a82b-aa70cbf91f77_26407296.jpg",
      "categories": [
        "DROGERIE A KOSMETIKA",
        "DÁMSKÉ HYG. POTŘEBY"
      ],
      "prices": [
        {
          "store_name": "Albert",
          "price": 219.0,
          "original_price": null,
          "unit_price": 7.82,
          "unit": "ks",
          "package_size": "‪28‬ kusů",
          "condition": null
        }
      ],
      "description": null
    },
    {
      "name": "Albert 100% Ovocná šťáva jablko",
      "brand": "Albert",
      "product_url": "https://wolt.com/cs/cze/prague/venue/albert-vinohradska/albert-100-ovocna-stava-jablko-itemid-64ca0b7cba162577de488b99",
      "image_url": "https://imageproxy.wolt.com/menu/menu-images/64ffec4406cca0140dfab831/ba63ed82-8ec0-11ee-a0bb-963b628c98c7_27193952.jpg",
      "categories": [
        "NÁPOJE",
        "DŽUSY A NEKTARY"
      ],
      "prices": [
        {
          "store_name": "Albert",
          "price": 52.9,
          "original_price": null,
          "unit_price": 52.9,
          "unit": "l",
          "package_size": "1 l",
          "condition": null
        }
      ],
      "description": null
    },
    {
      "name": "Kuřecí horní stehna chlazená",
      "brand": null,
      "product_url": "https://wolt.com/cs/cze/prague/venue/albert-vinohradska/kureci-horni-stehna-chlazena-itemid-64ca0b7cba162577de488591",
      "image_url": "https://imageproxy.wolt.com/menu/menu-images/64ffec4406cca0140dfab831/3e5100ae-8eb1-11ee-8b8b-2a789dffa3ae_24252201.jpg",
      "categories": [
        "MASO A RYBY",
        "DRŮBEŽ"
      ],
      "prices": [
        {
          "store_name": "Albert",
          "price": 112.24,
          "original_price": null,
          "unit_price": null,
          "unit": null,
          "package_size": null,
          "condition": null
        }
      ],
      "description": null
    },
    {
      "name": "Kingson Ice tea broskev",
      "brand": "Kingson",
      "product_url": "https://wolt.com/cs/cze/prague/venue/albert-vinohradska/kingson-ice-tea-broskev-itemid-64ca0b7cba162577de488685",
      "image_url": "https://imageproxy.wolt.com/menu/menu-images/63ad795db242366d1f818f36/356e102e-bbe4-11ef-99ef-169ce97bd6f7_27184059.jpg",
      "categories": [
        "NÁPOJE",
        "LIMONÁDY"
      ],
      "prices": [
        {
          "store_name": "Albert",
          "price": 19.9,
          "original_price": null,
          "unit_price": 13.27,
          "unit": "l",
          "package_size": "1,5 l",
          "condition": null
        }
      ],
      "description": null
    },
    {
      "name": "Albert Halušky bramborové",
      "brand": "Albert",
      "product_url": "https://wolt.com/cs/cze/prague/venue/albert-vinohradska/albert-halusky-bramborove-itemid-657233256818b938df9485cf",
      "image_url": "https://imageproxy.wolt.com/menu/menu-images/64ffec4406cca0140dfab831/042357fa-8eb7-11ee-a43a-02d10f7fce64_25880939.jpg",
      "categories": [
        "UZENINY A LAHŮDKY",
        "HOTOVKY A PŘÍLOHY"
      ],
      "prices": [
        {
          "store_name": "Albert",
          "price": 48.9,
          "original_price": null,
          "unit_price": 97.8,
          "unit": "Kg",
          "package_size": "500 g",
          "condition": null
        }
      ],
      "description": null
    },
    {
      "name": "Avokádo Tekutá marináda gril",
      "brand": "Avokádo",
      "product_url": "https://wolt.com/cs/cze/prague/venue/albert-vinohradska/avokado-tekuta-marinada-gril-itemid-64ca0b7cba162577de489ddf",
      "image_url": "https://imageproxy.wolt.com/menu/menu-images/63ad795db242366d1f818f36/0de3d3e6-168e-11ef-96b6-5eee3b17d183_25577051.jpg",
      "categories": [
        "TRVANLIVÉ",
        "KOŘENÍ A OCHUCOVADLA"
      ],
      "prices": [
        {
          "store_name": "Albert",
          "price": 16.9,
          "original_price": null,
          "unit_price": 211.25,
          "unit": "l",
          "package_size": "80 ml",
          "condition": null
        }
      ],
      "description": null
    },
    {
      "name": "Albert Banány balené",
      "brand": "Albert",
      "product_url": "https://wolt.com/cs/cze/prague/venue/albert-vinohradska/albert-banany-balene-itemid-64ca0b7cba162577de488697",
      "image_url": "https://imageproxy.wolt.com/menu/menu-images/6745ec28c3b7723db3588430/0bbabc7e-d4fb-11f0-aa85-4eec17e4e7c8_25617825.jpg",
      "categories": [
        "OVOCE A ZELENINA",
        "OVOCE"
      ],
      "prices": [
        {
          "store_name": "Albert",
          "price": 25.9,
          "original_price": null,
          "unit_price": 6.48,
          "unit": "ks",
          "package_size": "‪4‬ kusů",
          "condition": null
        }
      ],
      "description": null
    },
    {
      "name": "Český sad Ovocná šťáva",
      "brand": "Český",
      "product_url": "https://wolt.com/cs/cze/prague/venue/albert-vinohradska/cesky-sad-ovocna-stava-itemid-657233256818b938df947f51",
      "image_url": "https://imageproxy.wolt.com/menu/menu-images/64ffec4406cca0140dfab831/96222946-8eb8-11ee-9bc7-e6fbf8d3c3b0_26160092.jpg",
      "categories": [
        "NÁPOJE",
        "DŽUSY A NEKTARY"
      ],
      "prices": [
        {
          "store_name": "Albert",
          "price": 144.9,
          "original_price": null,
          "unit_price": 48.3,
          "unit": "l",
          "package_size": "3 l",
          "condition": "Vyprodáno"
        }
      ],
      "description": null
    },
    {
      "name": "Wrigleys Airwaves žvýkačky Extreme",
      "brand": "Wrigleys",
      "product_url": "https://wolt.com/cs/cze/prague/venue/albert-vinohradska/wrigleys-airwaves-zvykacky-extreme-itemid-64ca0b7cba162577de488a45",
      "image_url": "https://imageproxy.wolt.com/menu/menu-images/63ad795db242366d1f818f36/cbe9db44-f8ef-11ef-aa5b-aa186d6b7ab4_25117936.jpg",
      "categories": [
        "TRVANLIVÉ",
        "SLADKOSTI"
      ],
      "prices": [
        {
          "store_name": "Albert",
          "price": null,
          "original_price": null,
          "unit_price": 1350.0,
          "unit": "Kg",
          "package_size": "14 g",
          "condition": "Sleva"
        }
      ],
      "description": null
    },
    {
      "name": "Madeta Jihočeský Cottage fit",
      "brand": "Madeta",
      "product_url": "https://wolt.com/cs/cze/prague/venue/albert-vinohradska/madeta-jihocesky-cottage-fit-itemid-64ca0b7cba162577de48910b",
      "image_url": "https://imageproxy.wolt.com/menu/menu-images/63ad795db242366d1f818f36/d63a55d0-7827-11f0-b7ee-a6c45597399a_27229941.jpg",
      "categories": [
        "MLÉČNÉ A CHLAZENÉ",
        "SÝRY"
      ],
      "prices": [
        {
          "store_name": "Albert",
          "price": 32.9,
          "original_price": null,
          "unit_price": 219.33,
          "unit": "Kg",
          "package_size": "150 g",
          "condition": "Vyprodáno"
        }
      ],
      "description": null
    },
    {
      "name": "Rio Mare Tuňák ve vlastní šťávě",
      "brand": "Rio Mare",
      "product_url": "https://wolt.com/cs/cze/prague/venue/albert-vinohradska/rio-mare-tunak-ve-vlastni-stave-itemid-657233256818b938df948739",
      "image_url": "https://imageproxy.wolt.com/menu/menu-images/64ffec4406cca0140dfab831/8a0b77d0-8ead-11ee-8394-a20c72ca170b_20837969.jpg",
      "categories": [
        "TRVANLIVÉ",
        "KONZERVOVANÉ POTR."
      ],
      "prices": [
        {
          "store_name": "Albert",
          "price": 99.9,
          "original_price": null,
          "unit_price": 891.96,
          "unit": "Kg",
          "package_size": "112 g",
          "condition": null
        }
      ],
      "description": null
    },
    {
      "name": "Albert Podmáslí",
      "brand": "Albert",
      "product_url": "https://wolt.com/cs/cze/prague/venue/albert-vinohradska/albert-podmasli-itemid-64ca0b7cba162577de48836d",
      "image_url": "https://imageproxy.wolt.com/menu/menu-images/64ffec4406cca0140dfab831/e93e2f54-8eb2-11ee-a87a-8e381a14ed80_24903479.jpg",
      "categories": [
        "MLÉČNÉ A CHLAZENÉ",
        "MLÉČNÉ NÁPOJE"
      ],
      "prices": [
        {
          "store_name": "Albert",
          "price": 23.9,
          "original_price": null,
          "unit_price": 23.9,
          "unit": "l",
          "package_size": "1 l",
          "condition": null
        }
      ],
      "description": null
    },
    {
      "name": "Veselá Kráva Štíhlá Tavený sýr",
      "brand": "Veselá",
      "product_url": "https://wolt.com/cs/cze/prague/venue/albert-vinohradska/vesela-krava-stihla-taveny-syr-itemid-64ca0b7cba162577de489b01",
      "image_url": "https://imageproxy.wolt.com/menu/menu-images/64ffec4406cca0140dfab831/66e7f922-8ebc-11ee-9097-362f93bf1d5e_26841762.jpg",
      "categories": [
        "MLÉČNÉ A CHLAZENÉ",
        "SÝRY"
      ],
      "prices": [
        {
          "store_name": "Albert",
          "price": null,
          "original_price": null,
          "unit_price": 332.5,
          "unit": "Kg",
          "package_size": "120 g",
          "condition": "Sleva"
        }
      ],
      "description": null
    },
    {
      "name": "Ariel Mountain Spring prací gel",
      "brand": "Ariel",
      "product_url": "https://wolt.com/cs/cze/prague/venue/albert-vinohradska/ariel-mountain-spring-praci-gel-itemid-64ca0b7cba162577de489286",
      "image_url": "https://imageproxy.wolt.com/menu/menu-images/63ad795db242366d1f818f36/95b472cc-be3e-11f0-bad6-0a3fed17e67c_26263410.jpg",
      "categories": [
        "DROGERIE A KOSMETIKA",
        "PRACÍ PROSTŘEDKY"
      ],
      "prices": [
        {
          "store_name": "Albert",
          "price": 299.0,
          "original_price": null,
          "unit_price": 7.48,
          "unit": "ks",
          "package_size": "‪40‬ kusů",
          "condition": null
        }
      ],
      "description": null
    },
    {
      "name": "Hello Kiwi",
      "brand": "Hello",
      "product_url": "https://wolt.com/cs/cze/prague/venue/albert-vinohradska/hello-kiwi-itemid-64ca0b7cba162577de489109",
      "image_url": "https://imageproxy.wolt.com/menu/menu-images/64ffec4406cca0140dfab831/948684ca-8eb2-11ee-9566-5a7762fb688d_24835770.jpg",
      "categories": [
        "NÁPOJE",
        "SIRUPY A KONCENTRÁTY"
      ],
      "prices": [
        {
          "store_name": "Albert",
          "price": 39.9,
          "original_price": null,
          "unit_price": 57.0,
          "unit": "l",
          "package_size": "700 ml",
          "condition": null
        }
      ],
      "description": null
    },
    {
      "name": "Elmex Junior zubní kartáček měkký pro děti",
      "brand": "Elmex",
      "product_url": "https://wolt.com/cs/cze/prague/venue/albert-vinohradska/elmex-junior-zubni-kartacek-mekky-pro-deti-itemid-64ca0b7cba162577de489c85",
      "image_url": "https://imageproxy.wolt.com/menu/menu-images/64ffec4406cca0140dfab831/74da7846-8eb4-11ee-a2ea-36180384687e_25331455.jpg",
      "categories": [
        "DROGERIE A KOSMETIKA",
        "ÚSTNÍ HYGIENA"
      ],
      "prices": [
        {
          "store_name": "Albert",
          "price": 89.9,
          "original_price": null,
          "unit_price": 89.9,
          "unit": "ks",
          "package_size": "‪1‬ kus",
          "condition": null
        }
      ],
      "description": null
    },
    {
      "name": "Albert Petržel kadeřavá vanička",
      "brand": "Albert",
      "product_url": "https://wolt.com/cs/cze/prague/venue/albert-vinohradska/albert-petrzel-kaderava-vanicka-itemid-64ca0b7cba162577de488653",
      "image_url": "https://imageproxy.wolt.com/menu/menu-images/64ffec4406cca0140dfab831/11106dc0-8eaf-11ee-bd78-3e53a922e9b0_23033672.jpg",
      "categories": [
        "OVOCE A ZELENINA",
        "BYLINKY A KOŘENÍ"
      ],
      "prices": [
        {
          "store_name": "Albert",
          "price": 22.9,
          "original_price": null,
          "unit_price": 458.0,
          "unit": "Kg",
          "package_size": "50 g",
          "condition": null
        }
      ],
      "description": null
    },
    {
      "name": "Česká chuť Pomazánka škvarková",
      "brand": "Česká chuť",
      "product_url": "https://wolt.com/cs/cze/prague/venue/albert-vinohradska/ceska-chut-pomazanka-skvarkova-itemid-64ca0b7cba162577de4881a9",
      "image_url": "https://imageproxy.wolt.com/menu/menu-images/64ffec4406cca0140dfab831/509b64e2-8ebc-11ee-8af1-be2d1bdd5ebf_26831183.jpg",
      "categories": [
        "UZENINY A LAHŮDKY",
        "SALÁTY A POMAZÁNKY"
      ],
      "prices": [
        {
          "store_name": "Albert",
          "price": null,
          "original_price": null,
          "unit_price": 166.0,
          "unit": "Kg",
          "package_size": "150 g",
          "condition": "Sleva"
        }
      ],
      "description": null
    },
    {
      "name": "Vitana Do hrnečku Rajská s nudlemi",
      "brand": "Vitana",
      "product_url": "https://wolt.com/cs/cze/prague/venue/albert-vinohradska/vitana-do-hrnecku-rajska-s-nudlemi-itemid-64ca0b7cba162577de4898d9",
      "image_url": "https://imageproxy.wolt.com/menu/menu-images/64ffec4406cca0140dfab831/5cc6c508-8eb3-11ee-8c57-fe2992cf6bd0_25017687.jpg",
      "categories": [
        "TRVANLIVÉ",
        "INSTANTNÍ POKRMY"
      ],
      "prices": [
        {
          "store_name": "Albert",
          "price": 14.9,
          "original_price": null,
          "unit_price": 677.27,
          "unit": "Kg",
          "package_size": "22 g",
          "condition": null
        }
      ],
      "description": null
    },
    {
      "name": "Perla Origins Guatemala mletá káva",
      "brand": "Perla",
      "product_url": "https://wolt.com/cs/cze/prague/venue/albert-vinohradska/perla-origins-guatemala-mleta-kava-itemid-64ca0b7cba162577de48a399",
      "image_url": "https://imageproxy.wolt.com/menu/menu-images/64ffec4406cca0140dfab831/cf1be702-8ec5-11ee-a7e0-8a641e6c096e_27577950.jpg",
      "categories": [
        "NÁPOJE",
        "KÁVA A ČAJ"
      ],
      "prices": [
        {
          "store_name": "Albert",
          "price": 149.9,
          "original_price": null,
          "unit_price": 599.6,
          "unit": "Kg",
          "package_size": "250 g",
          "condition": "Vyprodáno"
        }
      ],
      "description": null
    },
    {
      "name": "Nivea Men Sensitive gel na holení",
      "brand": "Nivea",
      "product_url": "https://wolt.com/cs/cze/prague/venue/albert-vinohradska/nivea-men-sensitive-gel-na-holeni-itemid-64ca0b7cba162577de489d2a",
      "image_url": "https://imageproxy.wolt.com/menu/menu-images/64ffec4406cca0140dfab831/e869dc54-8ead-11ee-aa0c-0aa88a212956_21436420.jpg",
      "categories": [
        "DROGERIE A KOSMETIKA",
        "HOLENÍ A DEPILACE"
      ],
      "prices": [
        {
          "store_name": "Albert",
          "price": 164.0,
          "original_price": null,
          "unit_price": 820.0,
          "unit": "l",
          "package_size": "200 ml",
          "condition": "Vyprodáno"
        }
      ],
      "description": null
    },
    {
      "name": "Golden Bay Třtinový cukr",
      "brand": "Golden Bay",
      "product_url": "https://wolt.com/cs/cze/prague/venue/albert-vinohradska/golden-bay-trtinovy-cukr-itemid-657233256818b938df947b67",
      "image_url": "https://imageproxy.wolt.com/menu/menu-images/64ffec4406cca0140dfab831/ed8f3d88-8ec5-11ee-99aa-bad10d590585_27589496.jpg",
      "categories": [
        "TRVANLIVÉ",
        "PEČENÍ A VAŘENÍ"
      ],
      "prices": [
        {
          "store_name": "Albert",
          "price": 59.9,
          "original_price": null,
          "unit_price": 59.9,
          "unit": "Kg",
          "package_size": "1 kg",
          "condition": null
        }
      ],
      "description": null
    },
    {
      "name": "Hello Ovocná přesnídávka s jablky",
      "brand": "Hello",
      "product_url": "https://wolt.com/cs/cze/prague/venue/albert-vinohradska/hello-ovocna-presnidavka-s-jablky-itemid-64ca0b7cba162577de4898dc",
      "image_url": "https://imageproxy.wolt.com/menu/menu-images/63ad795db242366d1f818f36/ce92eec8-7827-11f0-9b72-a6c45597399a_27054031.jpg",
      "categories": [
        "DÍTĚ",
        "VÝŽIVA"
      ],
      "prices": [
        {
          "store_name": "Albert",
          "price": 11.9,
          "original_price": null,
          "unit_price": 59.5,
          "unit": "Kg",
          "package_size": "200 g",
          "condition": null
        }
      ],
      "description": null
    },
    {
      "name": "Barilla Napoletana rajčatová omáčka",
      "brand": "Barilla",
      "product_url": "https://wolt.com/cs/cze/prague/venue/albert-vinohradska/barilla-napoletana-rajcatova-omacka-itemid-657233256818b938df94853d",
      "image_url": "https://imageproxy.wolt.com/menu/menu-images/63ad795db242366d1f818f36/0bdb7c3c-d671-11ee-afa0-eabede20cfb7_21210921.jpg",
      "categories": [
        "TRVANLIVÉ",
        "KOŘENÍ A OCHUCOVADLA"
      ],
      "prices": [
        {
          "store_name": "Albert",
          "price": 81.9,
          "original_price": null,
          "unit_price": 204.75,
          "unit": "Kg",
          "package_size": "400 g",
          "condition": null
        }
      ],
      "description": null
    },
    {
      "name": "HealthyCo Bio kokosový olej",
      "brand": "HealthyCo",
      "product_url": "https://wolt.com/cs/cze/prague/venue/albert-vinohradska/healthyco-bio-kokosovy-olej-itemid-64ca0b7cba162577de4893c1",
      "image_url": "https://imageproxy.wolt.com/menu/menu-images/64ffec4406cca0140dfab831/2935ea00-8ec9-11ee-b771-5e576a1679f9_27738993.jpg",
      "categories": [
        "TRVANLIVÉ",
        "OLEJE A OCTY"
      ],
      "prices": [
        {
          "store_name": "Albert",
          "price": null,
          "original_price": null,
          "unit_price": 299.8,
          "unit": "l",
          "package_size": "500 ml",
          "condition": "Sleva"
        }
      ],
      "description": null
    },
    {
      "name": "Brambory konzumní pozdní varný typ C",
      "brand": null,
      "product_url": "https://wolt.com/cs/cze/prague/venue/albert-vinohradska/brambory-konzumni-pozdni-varny-typ-c-itemid-657233256818b938df947931",
      "image_url": "https://imageproxy.wolt.com/menu/menu-images/64ffec4406cca0140dfab831/13ba2656-8eaf-11ee-b45a-12ad6b72684e_23093447.jpg",
      "categories": [
        "OVOCE A ZELENINA",
        "ZELENINA"
      ],
      "prices": [
        {
          "store_name": "Albert",
          "price": 39.9,
          "original_price": null,
          "unit_price": 19.95,
          "unit": "Kg",
          "package_size": "2 kg",
          "condition": null
        }
      ],
      "description": null
    },
    {
      "name": "Pickwick Bylinný čaj průdušky",
      "brand": "Pickwick",
      "product_url": "https://wolt.com/cs/cze/prague/venue/albert-vinohradska/pickwick-bylinny-caj-prudusky-itemid-64ca0b7cba162577de488a37",
      "image_url": "https://imageproxy.wolt.com/menu/menu-images/64ffec4406cca0140dfab831/9fe95db4-8eb8-11ee-9809-865f2970631c_26175485.jpg",
      "categories": [
        "NÁPOJE",
        "KÁVA A ČAJ"
      ],
      "prices": [
        {
          "store_name": "Albert",
          "price": 32.9,
          "original_price": null,
          "unit_price": 1495.45,
          "unit": "Kg",
          "package_size": "22 g",
          "condition": null
        }
      ],
      "description": null
    },
    {
      "name": "Chléb mistrovský",
      "brand": "Chléb",
      "product_url": "https://wolt.com/cs/cze/prague/venue/albert-vinohradska/chleb-mistrovsky-itemid-657233256818b938df94791c",
      "image_url": "https://imageproxy.wolt.com/menu/menu-images/64ffec4406cca0140dfab831/4500bb56-8ec5-11ee-ab00-8a641e6c096e_27529997.jpg",
      "categories": [
        "PEKÁRNA A CUKRÁRNA",
        "CHLÉB VOLNÝ"
      ],
      "prices": [
        {
          "store_name": "Albert",
          "price": null,
          "original_price": null,
          "unit_price": 55.0,
          "unit": "Kg",
          "package_size": "500 g",
          "condition": "Sleva"
        }
      ],
      "description": null
    },
    {
      "name": "Maresi Original Mléko do kávy",
      "brand": "Maresi",
      "product_url": "https://wolt.com/cs/cze/prague/venue/albert-vinohradska/maresi-original-mleko-do-kavy-itemid-64ca0b7cba162577de488e5f",
      "image_url": "https://imageproxy.wolt.com/menu/menu-images/64ffec4406cca0140dfab831/4536effc-8eaf-11ee-b55f-12ad6b72684e_23236202.jpg",
      "categories": [
        "MLÉČNÉ A CHLAZENÉ",
        "MLÉČNÉ NÁPOJE"
      ],
      "prices": [
        {
          "store_name": "Albert",
          "price": 42.9,
          "original_price": null,
          "unit_price": 171.6,
          "unit": "Kg",
          "package_size": "250 g",
          "condition": null
        }
      ],
      "description": null
    },
    {
      "name": "Diabeta oplatka mléčná",
      "brand": "Diabeta",
      "product_url": "https://wolt.com/cs/cze/prague/venue/albert-vinohradska/diabeta-oplatka-mlecna-itemid-681b5abffcbd67bf7a8f4a8b",
      "image_url": "https://imageproxy.wolt.com/menu/menu-images/63ad795db242366d1f818f36/0ee36bc0-2b47-11f0-a75f-b674192917fd_25438345.jpg",
      "categories": [
        "TRVANLIVÉ",
        "SPECIÁLNÍ"
      ],
      "prices": [
        {
          "store_name": "Albert",
          "price": 19.9,
          "original_price": null,
          "unit_price": 442.22,
          "unit": "Kg",
          "package_size": "45 g",
          "condition": null
        }
      ],
      "description": null
    },
    {
      "name": "Božkov Peprmint 19%",
      "brand": "Božkov",
      "product_url": "https://wolt.com/cs/cze/prague/venue/albert-vinohradska/bozkov-peprmint-19-itemid-64ca0b7cba162577de489982",
      "image_url": "https://imageproxy.wolt.com/menu/menu-images/64ffec4406cca0140dfab831/f83e8c1c-8eb5-11ee-b20a-ca3c3355ab39_25662863.jpg",
      "categories": [
        "NÁPOJE",
        "LIHOVINY"
      ],
      "prices": [
        {
          "store_name": "Albert",
          "price": 159.0,
          "original_price": null,
          "unit_price": 318.0,
          "unit": "l",
          "package_size": "500 ml, 19% alc",
          "condition": "18+"
        }
      ],
      "description": null
    },
    {
      "name": "Tatra Tvaroh tučný",
      "brand": "Tatra",
      "product_url": "https://wolt.com/cs/cze/prague/venue/albert-vinohradska/tatra-tvaroh-tucny-itemid-64ca0b7cba162577de4895b5",
      "image_url": "https://imageproxy.wolt.com/menu/menu-images/64ffec4406cca0140dfab831/96589d22-8eb9-11ee-8605-36180384687e_26455273.jpg",
      "categories": [
        "MLÉČNÉ A CHLAZENÉ",
        "TVAROHY"
      ],
      "prices": [
        {
          "store_name": "Albert",
          "price": 33.9,
          "original_price": null,
          "unit_price": 135.6,
          "unit": "Kg",
          "package_size": "250 g",
          "condition": null
        }
      ],
      "description": null
    },
    {
      "name": "Ramill Mouka hrubá pšeničná",
      "brand": "Ramill",
      "product_url": "https://wolt.com/cs/cze/prague/venue/albert-vinohradska/ramill-mouka-hruba-psenicna-itemid-64ca0b7cba162577de489e88",
      "image_url": "https://imageproxy.wolt.com/menu/menu-images/64ffec4406cca0140dfab831/38f97012-8eae-11ee-aede-8ad395db8b90_22030429.jpg",
      "categories": [
        "TRVANLIVÉ",
        "PEČENÍ A VAŘENÍ"
      ],
      "prices": [
        {
          "store_name": "Albert",
          "price": 19.9,
          "original_price": null,
          "unit_price": 19.9,
          "unit": "Kg",
          "package_size": "1 kg",
          "condition": null
        }
      ],
      "description": null
    },
    {
      "name": "Albert České buchty tvarohové",
      "brand": "Albert",
      "product_url": "https://wolt.com/cs/cze/prague/venue/albert-vinohradska/albert-ceske-buchty-tvarohove-itemid-64ca0b7cba162577de4880d7",
      "image_url": "https://imageproxy.wolt.com/menu/menu-images/64ffec4406cca0140dfab831/653e3fe8-8eba-11ee-ba68-2a867062f6f7_26626215.jpg",
      "categories": [
        "PEKÁRNA A CUKRÁRNA",
        "SLADKÉ PEČIVO BALENÉ"
      ],
      "prices": [
        {
          "store_name": "Albert",
          "price": 44.9,
          "original_price": null,
          "unit_price": 124.72,
          "unit": "Kg",
          "package_size": "360 g",
          "condition": null
        }
      ],
      "description": null
    },
    {
      "name": "Axe Dark Temptation Deodorant sprej",
      "brand": "Axe",
      "product_url": "https://wolt.com/cs/cze/prague/venue/albert-vinohradska/axe-dark-temptation-deodorant-sprej-itemid-64ca0b7cba162577de489c53",
      "image_url": "https://imageproxy.wolt.com/menu/menu-images/64ffec4406cca0140dfab831/34d69dee-8eb2-11ee-b413-aa70cbf91f77_24681001.jpg",
      "categories": [
        "DROGERIE A KOSMETIKA",
        "DEODORANTY"
      ],
      "prices": [
        {
          "store_name": "Albert",
          "price": 99.9,
          "original_price": null,
          "unit_price": 666.0,
          "unit": "l",
          "package_size": "150 ml",
          "condition": null
        }
      ],
      "description": null
    },
    {
      "name": "Garnier Hyaluronic Aloe textilní pleťová maska",
      "brand": "Garnier",
      "product_url": "https://wolt.com/cs/cze/prague/venue/albert-vinohradska/garnier-hyaluronic-aloe-textilni-pletova-maska-itemid-64ca0b7cba162577de488f71",
      "image_url": "https://imageproxy.wolt.com/menu/menu-images/64ffec4406cca0140dfab831/1ecc865c-8ec2-11ee-a50d-fae72eeefc2d_27280379.jpg",
      "categories": [
        "DROGERIE A KOSMETIKA",
        "PÉČE O PLEŤ"
      ],
      "prices": [
        {
          "store_name": "Albert",
          "price": 44.9,
          "original_price": null,
          "unit_price": 44.9,
          "unit": "ks",
          "package_size": "‪1‬ kus",
          "condition": null
        }
      ],
      "description": null
    },
    {
      "name": "Hardys Bin Cabernet Shiraz",
      "brand": "Hardys",
      "product_url": "https://wolt.com/cs/cze/prague/venue/albert-vinohradska/hardys-bin-cabernet-shiraz-itemid-651c8438da29740a18b97858",
      "image_url": "https://imageproxy.wolt.com/menu/menu-images/64ffec4406cca0140dfab831/6af1b41c-8eb3-11ee-942f-e2efa80c37b6_25036633.jpg",
      "categories": [
        "NÁPOJE",
        "VÍNA"
      ],
      "prices": [
        {
          "store_name": "Albert",
          "price": 134.9,
          "original_price": null,
          "unit_price": 179.87,
          "unit": "l",
          "package_size": "750 ml, 13% alc",
          "condition": "18+"
        }
      ],
      "description": null
    },
    {
      "name": "Tatratea 62%",
      "brand": "Tatra",
      "product_url": "https://wolt.com/cs/cze/prague/venue/albert-vinohradska/tatratea-62-itemid-64ca0b7cba162577de48a22c",
      "image_url": "https://imageproxy.wolt.com/menu/menu-images/64ffec4406cca0140dfab831/fb278214-8eb8-11ee-87dd-be8c16d2d45a_26344768.jpg",
      "categories": [
        "NÁPOJE",
        "LIHOVINY"
      ],
      "prices": [
        {
          "store_name": "Albert",
          "price": 759.0,
          "original_price": null,
          "unit_price": 1084.29,
          "unit": "l",
          "package_size": "700 ml, 62% alc",
          "condition": "18+"
        }
      ],
      "description": null
    },
    {
      "name": "Dr. Oetker Puding premium mango & kurkuma",
      "brand": "Dr. Oetker",
      "product_url": "https://wolt.com/cs/cze/prague/venue/albert-vinohradska/dr-oetker-puding-premium-mango-kurkuma-itemid-657233256818b938df948841",
      "image_url": "https://imageproxy.wolt.com/menu/menu-images/63ad795db242366d1f818f36/38f7b42c-a8ea-11f0-8cdb-8296420af745_27812662.jpg",
      "categories": [
        "TRVANLIVÉ",
        "PEČENÍ A VAŘENÍ"
      ],
      "prices": [
        {
          "store_name": "Albert",
          "price": 19.9,
          "original_price": null,
          "unit_price": 497.5,
          "unit": "Kg",
          "package_size": "40 g",
          "condition": null
        }
      ],
      "description": null
    },
    {
      "name": "Wasa Original",
      "brand": "Wasa",
      "product_url": "https://wolt.com/cs/cze/prague/venue/albert-vinohradska/wasa-original-itemid-64ca0b7cba162577de489a43",
      "image_url": "https://imageproxy.wolt.com/menu/menu-images/64ffec4406cca0140dfab831/58392864-8eb3-11ee-9cf2-4ac825cfc539_25014587.jpg",
      "categories": [
        "PEKÁRNA A CUKRÁRNA",
        "RACIO A KNÄCKEBROT"
      ],
      "prices": [
        {
          "store_name": "Albert",
          "price": 63.9,
          "original_price": null,
          "unit_price": 232.36,
          "unit": "Kg",
          "package_size": "275 g",
          "condition": null
        }
      ],
      "description": null
    },
    {
      "name": "Biogena Majestic malina a camu camu",
      "brand": "Biogena",
      "product_url": "https://wolt.com/cs/cze/prague/venue/albert-vinohradska/biogena-majestic-malina-a-camu-camu-itemid-64ca0b7cba162577de48a36c",
      "image_url": "https://imageproxy.wolt.com/menu/menu-images/64ffec4406cca0140dfab831/f54e7d66-8ebd-11ee-8f39-461ac7d1f05d_26979625.jpg",
      "categories": [
        "NÁPOJE",
        "KÁVA A ČAJ"
      ],
      "prices": [
        {
          "store_name": "Albert",
          "price": 87.9,
          "original_price": null,
          "unit_price": 1758.0,
          "unit": "Kg",
          "package_size": "50 g",
          "condition": null
        }
      ],
      "description": null
    },
    {
      "name": "Nature's Promise Ginger power shot",
      "brand": "Nature's Promise",
      "product_url": "https://wolt.com/cs/cze/prague/venue/albert-vinohradska/nature-s-promise-ginger-power-shot-itemid-64ca0b7cba162577de48a483",
      "image_url": "https://imageproxy.wolt.com/menu/menu-images/64ffec4406cca0140dfab831/2cf08bb4-8ec9-11ee-b5b4-ba4a5d1bd510_27740712.jpg",
      "categories": [
        "NÁPOJE",
        "DŽUSY A NEKTARY"
      ],
      "prices": [
        {
          "store_name": "Albert",
          "price": 32.9,
          "original_price": null,
          "unit_price": 263.2,
          "unit": "l",
          "package_size": "125 ml",
          "condition": null
        }
      ],
      "description": null
    },
    {
      "name": "Rexona Men Invisible Antiperspirant sprej",
      "brand": "Rexona",
      "product_url": "https://wolt.com/cs/cze/prague/venue/albert-vinohradska/rexona-men-invisible-antiperspirant-sprej-itemid-6601e1dc2a1c740167311d12",
      "image_url": "https://imageproxy.wolt.com/menu/menu-images/6601c613e48d1c8d95333085/eb5a7b58-eae2-11ee-a70d-c27cc33af372_25918595.jpg",
      "categories": [
        "DROGERIE A KOSMETIKA",
        "DEODORANTY"
      ],
      "prices": [
        {
          "store_name": "Albert",
          "price": 76.9,
          "original_price": null,
          "unit_price": 512.67,
          "unit": "l",
          "package_size": "150 ml",
          "condition": null
        }
      ],
      "description": null
    },
    {
      "name": "Albert Hadr na podlahu",
      "brand": "Albert",
      "product_url": "https://wolt.com/cs/cze/prague/venue/albert-vinohradska/albert-hadr-na-podlahu-itemid-64ca0b7cba162577de48a035",
      "image_url": "https://imageproxy.wolt.com/menu/menu-images/64ffec4406cca0140dfab831/c2edb7c4-8eb8-11ee-8469-b287692f5450_26256115.jpg",
      "categories": [
        "DOMÁCNOST A ZAHRADA",
        "ÚKLIDOVÉ POTŘEBY"
      ],
      "prices": [
        {
          "store_name": "Albert",
          "price": 24.9,
          "original_price": null,
          "unit_price": 24.9,
          "unit": "ks",
          "package_size": "‪1‬ kus",
          "condition": null
        }
      ],
      "description": null
    },
    {
      "name": "Emma Cereální polštářky příchuť čokoláda",
      "brand": "Emma",
      "product_url": "https://wolt.com/cs/cze/prague/venue/albert-vinohradska/emma-cerealni-polstarky-prichut-cokolada-itemid-64ca0b7cba162577de48940e",
      "image_url": "https://imageproxy.wolt.com/menu/menu-images/63ad795db242366d1f818f36/e016a9d6-b45c-11ee-958f-0ac6de5041eb_25739930.jpg",
      "categories": [
        "TRVANLIVÉ",
        "MÜSLI A CEREÁLIE"
      ],
      "prices": [
        {
          "store_name": "Albert",
          "price": 43.9,
          "original_price": null,
          "unit_price": 117.07,
          "unit": "Kg",
          "package_size": "375 g",
          "condition": null
        }
      ],
      "description": null
    },
    {
      "name": "Wrigleys Orbit meloun",
      "brand": "Wrigleys",
      "product_url": "https://wolt.com/cs/cze/prague/venue/albert-vinohradska/wrigleys-orbit-meloun-itemid-64ca0b7cba162577de4896aa",
      "image_url": "https://imageproxy.wolt.com/menu/menu-images/64ffec4406cca0140dfab831/dfd4be94-8eb0-11ee-a43e-16e6bf59122a_24104524.jpg",
      "categories": [
        "TRVANLIVÉ",
        "SLADKOSTI"
      ],
      "prices": [
        {
          "store_name": "Albert",
          "price": null,
          "original_price": null,
          "unit_price": 1350.0,
          "unit": "Kg",
          "package_size": "14 g",
          "condition": "Sleva"
        }
      ],
      "description": null
    },
    {
      "name": "Albert Paštika provensálská",
      "brand": "Albert",
      "product_url": "https://wolt.com/cs/cze/prague/venue/albert-vinohradska/albert-pastika-provensalska-itemid-64ca0b7cba162577de489620",
      "image_url": "https://imageproxy.wolt.com/menu/menu-images/64ffec4406cca0140dfab831/2da74406-8ec1-11ee-896e-fedb83882cb3_27220252.jpg",
      "categories": [
        "UZENINY A LAHŮDKY",
        "PAŠTIKY"
      ],
      "prices": [
        {
          "store_name": "Albert",
          "price": 23.9,
          "original_price": null,
          "unit_price": 159.33,
          "unit": "Kg",
          "package_size": "150 g",
          "condition": null
        }
      ],
      "description": null
    },
    {
      "name": "Viňa Tarapacá Carmenère",
      "brand": "Viňa",
      "product_url": "https://wolt.com/cs/cze/prague/venue/albert-vinohradska/vina-tarapaca-carmenere-itemid-64ca0b7cba162577de488761",
      "image_url": "https://imageproxy.wolt.com/menu/menu-images/64ffec4406cca0140dfab831/7032dacc-8eaf-11ee-aa79-f2309c23f2b6_23312913.jpg",
      "categories": [
        "NÁPOJE",
        "VÍNA"
      ],
      "prices": [
        {
          "store_name": "Albert",
          "price": 209.0,
          "original_price": null,
          "unit_price": 278.67,
          "unit": "l",
          "package_size": "750 ml, 13,5% alc",
          "condition": "18+"
        }
      ],
      "description": null
    },
    {
      "name": "Král Sýrů Hermelín originál, duopack",
      "brand": "Král",
      "product_url": "https://wolt.com/cs/cze/prague/venue/albert-vinohradska/kral-syru-hermelin-original-duopack-itemid-64ca0b7cba162577de488453",
      "image_url": "https://imageproxy.wolt.com/menu/menu-images/63ad795db242366d1f818f36/450e070e-9796-11ef-a137-ea0c053cf62c_25966558.jpg",
      "categories": [
        "MLÉČNÉ A CHLAZENÉ",
        "SÝRY"
      ],
      "prices": [
        {
          "store_name": "Albert",
          "price": 114.9,
          "original_price": null,
          "unit_price": 478.75,
          "unit": "Kg",
          "package_size": "240 g",
          "condition": null
        }
      ],
      "description": null
    },
    {
      "name": "Albert krmivo pro psy hovězí a drůbeží v omáčce",
      "brand": "Albert",
      "product_url": "https://wolt.com/cs/cze/prague/venue/albert-vinohradska/albert-krmivo-pro-psy-hovezi-a-drubezi-v-omacce-itemid-6601e921a821c14498a2b3dd",
      "image_url": "https://imageproxy.wolt.com/menu/menu-images/6745ec28c3b7723db3588430/1237c1e6-d4fb-11f0-99b0-6213880840b1_27768112.jpg",
      "categories": [
        "ZVÍŘATA",
        "PSI"
      ],
      "prices": [
        {
          "store_name": "Albert",
          "price": 42.9,
          "original_price": null,
          "unit_price": 34.6,
          "unit": "Kg",
          "package_size": "1,24 kg",
          "condition": null
        }
      ],
      "description": null
    },
    {
      "name": "Albert Paprika mix",
      "brand": "Albert",
      "product_url": "https://wolt.com/cs/cze/prague/venue/albert-vinohradska/albert-paprika-mix-itemid-64ca0b7cba162577de48865b",
      "image_url": "https://imageproxy.wolt.com/menu/menu-images/64ffec4406cca0140dfab831/f74fa6a4-8ead-11ee-88ad-424f0985e4ef_21497513.jpg",
      "categories": [
        "OVOCE A ZELENINA",
        "ZELENINA"
      ],
      "prices": [
        {
          "store_name": "Albert",
          "price": 54.9,
          "original_price": null,
          "unit_price": 109.8,
          "unit": "Kg",
          "package_size": "500 g",
          "condition": null
        }
      ],
      "description": null
    },
    {
      "name": "Avokádo Adžika",
      "brand": "Avokádo",
      "product_url": "https://wolt.com/cs/cze/prague/venue/albert-vinohradska/avokado-adzika-itemid-6601ff7a0e5187eb5059bd55",
      "image_url": "https://imageproxy.wolt.com/menu/menu-images/6601c613e48d1c8d95333085/4c5f5c58-eae2-11ee-be96-121690ac152c_23047228.jpg",
      "categories": [
        "TRVANLIVÉ",
        "KOŘENÍ A OCHUCOVADLA"
      ],
      "prices": [
        {
          "store_name": "Albert",
          "price": 19.9,
          "original_price": null,
          "unit_price": 663.33,
          "unit": "Kg",
          "package_size": "30 g",
          "condition": null
        }
      ],
      "description": null
    },
    {
      "name": "Pektogel",
      "brand": "Pektogel",
      "product_url": "https://wolt.com/cs/cze/prague/venue/albert-vinohradska/pektogel-itemid-657233256818b938df948656",
      "image_url": "https://imageproxy.wolt.com/menu/menu-images/64ffec4406cca0140dfab831/21bc55fa-8eb2-11ee-9077-1ec840397d06_24667999.jpg",
      "categories": [
        "TRVANLIVÉ",
        "PEČENÍ A VAŘENÍ"
      ],
      "prices": [
        {
          "store_name": "Albert",
          "price": 31.9,
          "original_price": null,
          "unit_price": 797.5,
          "unit": "Kg",
          "package_size": "40 g",
          "condition": null
        }
      ],
      "description": null
    },
    {
      "name": "Březňák světlý výčepní",
      "brand": "Březňák",
      "product_url": "https://wolt.com/cs/cze/prague/venue/albert-vinohradska/breznak-svetly-vycepni-itemid-64ca0b7cba162577de48964c",
      "image_url": "https://imageproxy.wolt.com/menu/menu-images/64ffec4406cca0140dfab831/acbe46a8-8eb3-11ee-b066-b287692f5450_25097177.jpg",
      "categories": [
        "NÁPOJE",
        "PIVA"
      ],
      "prices": [
        {
          "store_name": "Albert",
          "price": 57.9,
          "original_price": null,
          "unit_price": 28.95,
          "unit": "l",
          "package_size": "2 l, 4,1% alc",
          "condition": "18+"
        }
      ],
      "description": null
    },
    {
      "name": "Albert Tradiční pomazánkové křen",
      "brand": "Albert",
      "product_url": "https://wolt.com/cs/cze/prague/venue/albert-vinohradska/albert-tradicni-pomazankove-kren-itemid-64ca0b7cba162577de4890a6",
      "image_url": "https://imageproxy.wolt.com/menu/menu-images/64ffec4406cca0140dfab831/5a633366-8ec0-11ee-b33c-cef5e19e5e09_27168073.jpg",
      "categories": [
        "MLÉČNÉ A CHLAZENÉ",
        "MÁSLO A TUKY"
      ],
      "prices": [
        {
          "store_name": "Albert",
          "price": 24.9,
          "original_price": null,
          "unit_price": 166.0,
          "unit": "Kg",
          "package_size": "150 g",
          "condition": null
        }
      ],
      "description": null
    },
    {
      "name": "O.B. ExtraProtect Tampony Super + Comfort",
      "brand": "O.B",
      "product_url": "https://wolt.com/cs/cze/prague/venue/albert-vinohradska/o-b-extraprotect-tampony-super-comfort-itemid-66021d31cc3189833843f85f",
      "image_url": "https://imageproxy.wolt.com/menu/menu-images/6601c613e48d1c8d95333085/64580088-eae4-11ee-a4a9-c2c0df7d5c88_27573181.jpg",
      "categories": [
        "DROGERIE A KOSMETIKA",
        "DÁMSKÉ HYG. POTŘEBY"
      ],
      "prices": [
        {
          "store_name": "Albert",
          "price": 106.9,
          "original_price": null,
          "unit_price": 6.68,
          "unit": "ks",
          "package_size": "‪16‬ kusů",
          "condition": null
        }
      ],
      "description": null
    },
    {
      "name": "Albert Zakysaná smetana 12%",
      "brand": "Albert",
      "product_url": "https://wolt.com/cs/cze/prague/venue/albert-vinohradska/albert-zakysana-smetana-12-itemid-64ca0b7cba162577de4882f1",
      "image_url": "https://imageproxy.wolt.com/menu/menu-images/64ffec4406cca0140dfab831/6630f11a-8ec0-11ee-884e-fea1896da317_27171592.jpg",
      "categories": [
        "MLÉČNÉ A CHLAZENÉ",
        "SMETANY A ŠLEHAČKY"
      ],
      "prices": [
        {
          "store_name": "Albert",
          "price": 18.9,
          "original_price": null,
          "unit_price": 94.5,
          "unit": "Kg",
          "package_size": "200 g",
          "condition": null
        }
      ],
      "description": null
    },
    {
      "name": "Zott Dezert Monte",
      "brand": "Zott",
      "product_url": "https://wolt.com/cs/cze/prague/venue/albert-vinohradska/zott-dezert-monte-itemid-64ca0b7cba162577de48846d",
      "image_url": "https://imageproxy.wolt.com/menu/menu-images/63ad795db242366d1f818f36/7f2c39c4-9796-11ef-b2b3-32d3b40b2f93_24680479.jpg",
      "categories": [
        "MLÉČNÉ A CHLAZENÉ",
        "JOGURTY A DEZERTY"
      ],
      "prices": [
        {
          "store_name": "Albert",
          "price": 32.9,
          "original_price": null,
          "unit_price": 149.55,
          "unit": "Kg",
          "package_size": "220 g",
          "condition": null
        }
      ],
      "description": null
    },
    {
      "name": "Albert Hrášek jemný sladký",
      "brand": "Albert",
      "product_url": "https://wolt.com/cs/cze/prague/venue/albert-vinohradska/albert-hrasek-jemny-sladky-itemid-6876153a0c6218e9f3e5f44d",
      "image_url": "https://imageproxy.wolt.com/menu/menu-images/64b62ec5e5ab70cdc92e30f0/0be2a5fe-616f-11f0-8efd-e2fb8a45d677_27134771.jpg",
      "categories": [
        "MRAŽENÉ POTRAVINY",
        "MRAŽENÉ OVOCE A ZELENINA"
      ],
      "prices": [
        {
          "store_name": "Albert",
          "price": 21.9,
          "original_price": null,
          "unit_price": 62.57,
          "unit": "Kg",
          "package_size": "350 g",
          "condition": null
        }
      ],
      "description": null
    },
    {
      "name": "Vývrtka s křidýlky",
      "brand": "Vývrtka",
      "product_url": "https://wolt.com/cs/cze/prague/venue/albert-vinohradska/vyvrtka-s-kridylky-itemid-66021d1ea51566a88b0bb250",
      "image_url": "https://imageproxy.wolt.com/menu/menu-images/6601c613e48d1c8d95333085/3abdd66c-eae4-11ee-8c45-4aedea41cff8_27493724.jpg",
      "categories": [
        "DOMÁCNOST A ZAHRADA",
        "KUCHYŇSKÉ POTŘEBY"
      ],
      "prices": [
        {
          "store_name": "Albert",
          "price": 199.0,
          "original_price": null,
          "unit_price": 199.0,
          "unit": "ks",
          "package_size": "‪1‬ kus",
          "condition": "Vyprodáno"
        }
      ],
      "description": null
    },
    {
      "name": "4Slim Čekankový topping příchuť čokoláda",
      "brand": "4Slim",
      "product_url": "https://wolt.com/cs/cze/prague/venue/albert-vinohradska/4slim-cekankovy-topping-prichut-cokolada-itemid-64ca0b7cba162577de48a549",
      "image_url": "https://imageproxy.wolt.com/menu/menu-images/64ffec4406cca0140dfab831/e5727702-8ec3-11ee-90c7-2289f94b8ae4_27431290.jpg",
      "categories": [
        "TRVANLIVÉ",
        "SPECIÁLNÍ"
      ],
      "prices": [
        {
          "store_name": "Albert",
          "price": null,
          "original_price": null,
          "unit_price": 393.64,
          "unit": "Kg",
          "package_size": "330 g",
          "condition": "Sleva"
        }
      ],
      "description": null
    },
    {
      "name": "Paul Mas Cabernet Sauvignon",
      "brand": "Paul",
      "product_url": "https://wolt.com/cs/cze/prague/venue/albert-vinohradska/paul-mas-cabernet-sauvignon-itemid-64ca0b7cba162577de48a134",
      "image_url": "https://imageproxy.wolt.com/menu/menu-images/63ad795db242366d1f818f36/2d00c4f0-7826-11f0-a9ad-7ed491cabdcb_25922929.jpg",
      "categories": [
        "NÁPOJE",
        "VÍNA"
      ],
      "prices": [
        {
          "store_name": "Albert",
          "price": 119.9,
          "original_price": null,
          "unit_price": 159.87,
          "unit": "l",
          "package_size": "750 ml, 13,5% alc",
          "condition": "18+"
        }
      ],
      "description": null
    },
    {
      "name": "Kitbis Pendreky jahodové",
      "brand": "Kitbis",
      "product_url": "https://wolt.com/cs/cze/prague/venue/albert-vinohradska/kitbis-pendreky-jahodove-itemid-64ca0b7cba162577de489977",
      "image_url": "https://imageproxy.wolt.com/menu/menu-images/64ffec4406cca0140dfab831/6ec97d4c-8ec5-11ee-b0dc-222205837f4e_27544259.jpg",
      "categories": [
        "TRVANLIVÉ",
        "SLADKOSTI"
      ],
      "prices": [
        {
          "store_name": "Albert",
          "price": 25.9,
          "original_price": null,
          "unit_price": 172.67,
          "unit": "Kg",
          "package_size": "150 g",
          "condition": null
        }
      ],
      "description": null
    },
    {
      "name": "Le & Co Šunka nejvyšší jakosti",
      "brand": "Le & Co",
      "product_url": "https://wolt.com/cs/cze/prague/venue/albert-vinohradska/le-co-sunka-nejvyssi-jakosti-itemid-64ca0b7cba162577de48936c",
      "image_url": "https://imageproxy.wolt.com/menu/menu-images/64ffec4406cca0140dfab831/f8d53154-8ec8-11ee-8f6f-02b3b6b882fb_27734711.jpg",
      "categories": [
        "UZENINY A LAHŮDKY",
        "ŠUNKY A SLANINY"
      ],
      "prices": [
        {
          "store_name": "Albert",
          "price": null,
          "original_price": null,
          "unit_price": 329.0,
          "unit": "Kg",
          "package_size": "100 g",
          "condition": "Sleva"
        }
      ],
      "description": null
    },
    {
      "name": "Rajec Pramenitá voda jemně perlivá",
      "brand": "Rajec",
      "product_url": "https://wolt.com/cs/cze/prague/venue/albert-vinohradska/rajec-pramenita-voda-jemne-perliva-itemid-64ca0b7cba162577de489bf7",
      "image_url": "https://imageproxy.wolt.com/menu/menu-images/64ffec4406cca0140dfab831/27f9765c-8eb0-11ee-b6f5-1e9e4c6f0bda_23685727.jpg",
      "categories": [
        "NÁPOJE",
        "VODY A MINERÁLKY"
      ],
      "prices": [
        {
          "store_name": "Albert",
          "price": 18.9,
          "original_price": null,
          "unit_price": 25.2,
          "unit": "l",
          "package_size": "750 ml",
          "condition": null
        }
      ],
      "description": null
    },
    {
      "name": "Jean Claude Mas Merlot",
      "brand": "Jean",
      "product_url": "https://wolt.com/cs/cze/prague/venue/albert-vinohradska/jean-claude-mas-merlot-itemid-64ca0b7cba162577de4899d0",
      "image_url": "https://imageproxy.wolt.com/menu/menu-images/64ffec4406cca0140dfab831/814ca65c-8eba-11ee-8300-0208801a60c2_26635712.jpg",
      "categories": [
        "NÁPOJE",
        "VÍNA"
      ],
      "prices": [
        {
          "store_name": "Albert",
          "price": null,
          "original_price": null,
          "unit_price": 178.53,
          "unit": "l",
          "package_size": "750 ml, 14% alc",
          "condition": "Sleva, 18+"
        }
      ],
      "description": null
    },
    {
      "name": "Pribináček kakaový",
      "brand": "Pribináček",
      "product_url": "https://wolt.com/cs/cze/prague/venue/albert-vinohradska/pribinacek-kakaovy-itemid-64ca0b7cba162577de48846b",
      "image_url": "https://imageproxy.wolt.com/menu/menu-images/63ad795db242366d1f818f36/d0509d30-25b3-11f0-98c5-fe3313f5d825_20293918.jpg",
      "categories": [
        "MLÉČNÉ A CHLAZENÉ",
        "JOGURTY A DEZERTY"
      ],
      "prices": [
        {
          "store_name": "Albert",
          "price": 15.9,
          "original_price": null,
          "unit_price": 227.14,
          "unit": "Kg",
          "package_size": "70 g",
          "condition": null
        }
      ],
      "description": null
    },
    {
      "name": "Purina One Sterilcat Mini masové filetky",
      "brand": "Purina",
      "product_url": "https://wolt.com/cs/cze/prague/venue/albert-vinohradska/purina-one-sterilcat-mini-masove-filetky-itemid-6601f1f14cd0cfc726dd2a50",
      "image_url": "https://imageproxy.wolt.com/menu/menu-images/6601c613e48d1c8d95333085/a87b914e-eae4-11ee-9cfd-f23fc03215da_27646113.jpg",
      "categories": [
        "ZVÍŘATA",
        "KOČKY"
      ],
      "prices": [
        {
          "store_name": "Albert",
          "price": null,
          "original_price": null,
          "unit_price": 185.29,
          "unit": "Kg",
          "package_size": "1,02 kg",
          "condition": "Sleva"
        }
      ],
      "description": null
    },
    {
      "name": "Albert Pudink vanilková příchuť",
      "brand": "Albert",
      "product_url": "https://wolt.com/cs/cze/prague/venue/albert-vinohradska/albert-pudink-vanilkova-prichut-itemid-64ca0b7cba162577de488329",
      "image_url": "https://imageproxy.wolt.com/menu/menu-images/64ffec4406cca0140dfab831/e1b9b28c-8ebf-11ee-ad12-362f93bf1d5e_27138892.jpg",
      "categories": [
        "MLÉČNÉ A CHLAZENÉ",
        "JOGURTY A DEZERTY"
      ],
      "prices": [
        {
          "store_name": "Albert",
          "price": 10.9,
          "original_price": null,
          "unit_price": 54.5,
          "unit": "Kg",
          "package_size": "200 g",
          "condition": null
        }
      ],
      "description": null
    },
    {
      "name": "Dekos Tácek papírový",
      "brand": "Dekos",
      "product_url": "https://wolt.com/cs/cze/prague/venue/albert-vinohradska/dekos-tacek-papirovy-itemid-64ca0b7cba162577de48a6ac",
      "image_url": "https://imageproxy.wolt.com/menu/menu-images/64ffec4406cca0140dfab831/dad6e1f4-8ec1-11ee-a847-fae72eeefc2d_27264577.jpg",
      "categories": [
        "DOMÁCNOST A ZAHRADA",
        "JEDNORÁZOVÉ NÁDOBÍ"
      ],
      "prices": [
        {
          "store_name": "Albert",
          "price": 79.9,
          "original_price": null,
          "unit_price": 1.6,
          "unit": "ks",
          "package_size": "‪50‬ kusů",
          "condition": null
        }
      ],
      "description": null
    },
    {
      "name": "Milka Happy Cow mléčná a bílá čokoláda",
      "brand": "Milka",
      "product_url": "https://wolt.com/cs/cze/prague/venue/albert-vinohradska/milka-happy-cow-mlecna-a-bila-cokolada-itemid-64ca0b7cba162577de488563",
      "image_url": "https://imageproxy.wolt.com/menu/menu-images/63ad795db242366d1f818f36/ae1c7f18-f8ef-11ef-bf70-e26833b47bf2_21215964.jpg",
      "categories": [
        "TRVANLIVÉ",
        "SLADKOSTI"
      ],
      "prices": [
        {
          "store_name": "Albert",
          "price": null,
          "original_price": null,
          "unit_price": 332.22,
          "unit": "Kg",
          "package_size": "90 g",
          "condition": "Sleva"
        }
      ],
      "description": null
    },
    {
      "name": "L&M Red Label KS RCB",
      "brand": "L&M",
      "product_url": "https://wolt.com/cs/cze/prague/venue/albert-vinohradska/l-m-red-label-ks-rcb-itemid-64ca0b7cba162577de4894dd",
      "image_url": "https://imageproxy.wolt.com/menu/menu-images/64ffec4406cca0140dfab831/7fc9aa40-8eac-11ee-8e35-3e3f8d1903a2_20309558.jpg",
      "categories": [
        "DOMÁCNOST A ZAHRADA",
        "CIGARETY"
      ],
      "prices": [
        {
          "store_name": "Albert",
          "price": 163.0,
          "original_price": null,
          "unit_price": 163.0,
          "unit": "ks",
          "package_size": "‪1‬ kus",
          "condition": "18+"
        }
      ],
      "description": null
    },
    {
      "name": "Opavia Brumík s náplní čokoládovou",
      "brand": "Opavia",
      "product_url": "https://wolt.com/cs/cze/prague/venue/albert-vinohradska/opavia-brumik-s-naplni-cokoladovou-itemid-64ca0b7cba162577de488af9",
      "image_url": "https://imageproxy.wolt.com/menu/menu-images/63ad795db242366d1f818f36/b676d348-f8ef-11ef-986c-be3882decfb2_23745254.jpg",
      "categories": [
        "TRVANLIVÉ",
        "SLADKOSTI"
      ],
      "prices": [
        {
          "store_name": "Albert",
          "price": 9.9,
          "original_price": null,
          "unit_price": 330.0,
          "unit": "Kg",
          "package_size": "30 g",
          "condition": null
        }
      ],
      "description": null
    },
    {
      "name": "Glenfiddich 12yo 40%",
      "brand": "Glenfiddich",
      "product_url": "https://wolt.com/cs/cze/prague/venue/albert-vinohradska/glenfiddich-12yo-40-itemid-64ca0b7cba162577de489baf",
      "image_url": "https://imageproxy.wolt.com/menu/menu-images/64ffec4406cca0140dfab831/16957d72-8eae-11ee-9cae-66832535a71f_21696145.jpg",
      "categories": [
        "NÁPOJE",
        "LIHOVINY"
      ],
      "prices": [
        {
          "store_name": "Albert",
          "price": 1399.0,
          "original_price": null,
          "unit_price": 1998.57,
          "unit": "l",
          "package_size": "700 ml, 40% alc",
          "condition": "18+, Vyprodáno"
        }
      ],
      "description": null
    },
    {
      "name": "Eduscho Crema instantní káva",
      "brand": "Eduscho",
      "product_url": "https://wolt.com/cs/cze/prague/venue/albert-vinohradska/eduscho-crema-instantni-kava-itemid-657233256818b938df948c15",
      "image_url": "https://imageproxy.wolt.com/menu/menu-images/64ffec4406cca0140dfab831/a6a79f14-8eca-11ee-ba94-825754a1c0c0_27785010.jpg",
      "categories": [
        "NÁPOJE",
        "KÁVA A ČAJ"
      ],
      "prices": [
        {
          "store_name": "Albert",
          "price": 279.0,
          "original_price": null,
          "unit_price": 1550.0,
          "unit": "Kg",
          "package_size": "180 g",
          "condition": null
        }
      ],
      "description": null
    },
    {
      "name": "Ricola bonbony brusinkové bez cukru",
      "brand": "Ricola",
      "product_url": "https://wolt.com/cs/cze/prague/venue/albert-vinohradska/ricola-bonbony-brusinkove-bez-cukru-itemid-64ca0b7cba162577de48982e",
      "image_url": "https://imageproxy.wolt.com/menu/menu-images/64ffec4406cca0140dfab831/5e46eefa-8eb1-11ee-9669-e6fbf8d3c3b0_24335652.jpg",
      "categories": [
        "TRVANLIVÉ",
        "SLADKOSTI"
      ],
      "prices": [
        {
          "store_name": "Albert",
          "price": 34.9,
          "original_price": null,
          "unit_price": 872.5,
          "unit": "Kg",
          "package_size": "40 g",
          "condition": null
        }
      ],
      "description": null
    },
    {
      "name": "Nature's Promise Bio Mrkev",
      "brand": "Nature's Promise",
      "product_url": "https://wolt.com/cs/cze/prague/venue/albert-vinohradska/nature-s-promise-bio-mrkev-itemid-64ca0b7cba162577de48837b",
      "image_url": "https://imageproxy.wolt.com/menu/menu-images/63ad795db242366d1f818f36/de4378f0-d995-11ef-9dd5-5e32e7611aaf_23848566.jpg",
      "categories": [
        "OVOCE A ZELENINA",
        "ZELENINA"
      ],
      "prices": [
        {
          "store_name": "Albert",
          "price": 49.9,
          "original_price": null,
          "unit_price": 66.53,
          "unit": "Kg",
          "package_size": "750 g",
          "condition": null
        }
      ],
      "description": null
    },
    {
      "name": "Boneco Tatarská omáčka",
      "brand": "Boneco",
      "product_url": "https://wolt.com/cs/cze/prague/venue/albert-vinohradska/boneco-tatarska-omacka-itemid-64ca0b7cba162577de48937b",
      "image_url": "https://imageproxy.wolt.com/menu/menu-images/63ad795db242366d1f818f36/5a8f9a30-e818-11ee-a93d-6e3c95ecb21a_26020006.jpg",
      "categories": [
        "MLÉČNÉ A CHLAZENÉ",
        "MAJONÉZY A TATARKY"
      ],
      "prices": [
        {
          "store_name": "Albert",
          "price": 54.9,
          "original_price": null,
          "unit_price": 156.86,
          "unit": "l",
          "package_size": "350 ml",
          "condition": null
        }
      ],
      "description": null
    },
    {
      "name": "Snico Hořčice francouzská speciální",
      "brand": "Snico",
      "product_url": "https://wolt.com/cs/cze/prague/venue/albert-vinohradska/snico-horcice-francouzska-specialni-itemid-657233256818b938df94787a",
      "image_url": "https://imageproxy.wolt.com/menu/menu-images/64ffec4406cca0140dfab831/1695a9dc-8eae-11ee-9f28-1240326ac0c2_21706080.jpg",
      "categories": [
        "TRVANLIVÉ",
        "KEČUPY A HOŘČICE"
      ],
      "prices": [
        {
          "store_name": "Albert",
          "price": 36.9,
          "original_price": null,
          "unit_price": 205.0,
          "unit": "Kg",
          "package_size": "180 g",
          "condition": null
        }
      ],
      "description": null
    },
    {
      "name": "Mattoni Citron perlivá",
      "brand": "Mattoni",
      "product_url": "https://wolt.com/cs/cze/prague/venue/albert-vinohradska/mattoni-citron-perliva-itemid-657233256818b938df948752",
      "image_url": "https://imageproxy.wolt.com/menu/menu-images/64ffec4406cca0140dfab831/39540398-8eb2-11ee-9721-3ed0b25e551d_24681551.jpg",
      "categories": [
        "NÁPOJE",
        "VODY A MINERÁLKY"
      ],
      "prices": [
        {
          "store_name": "Albert",
          "price": 19.9,
          "original_price": null,
          "unit_price": 26.53,
          "unit": "l",
          "package_size": "750 ml",
          "condition": null
        }
      ],
      "description": null
    },
    {
      "name": "Vitana Pyramidky na rajskou",
      "brand": "Vitana",
      "product_url": "https://wolt.com/cs/cze/prague/venue/albert-vinohradska/vitana-pyramidky-na-rajskou-itemid-6601e4943ad65f872f42e20a",
      "image_url": "https://imageproxy.wolt.com/menu/menu-images/6601c613e48d1c8d95333085/be752412-eae2-11ee-b348-5a414db1e559_25574760.jpg",
      "categories": [
        "TRVANLIVÉ",
        "KOŘENÍ A OCHUCOVADLA"
      ],
      "prices": [
        {
          "store_name": "Albert",
          "price": 27.9,
          "original_price": null,
          "unit_price": 1395.0,
          "unit": "Kg",
          "package_size": "20 g",
          "condition": null
        }
      ],
      "description": null
    },
    {
      "name": "Vitana Nové koření mleté",
      "brand": "Vitana",
      "product_url": "https://wolt.com/cs/cze/prague/venue/albert-vinohradska/vitana-nove-koreni-mlete-itemid-64ca0b7cba162577de48a187",
      "image_url": "https://imageproxy.wolt.com/menu/menu-images/64ffec4406cca0140dfab831/d4929380-8eba-11ee-8835-662d260bbeaa_26685144.jpg",
      "categories": [
        "TRVANLIVÉ",
        "KOŘENÍ A OCHUCOVADLA"
      ],
      "prices": [
        {
          "store_name": "Albert",
          "price": 19.9,
          "original_price": null,
          "unit_price": 1326.67,
          "unit": "Kg",
          "package_size": "15 g",
          "condition": null
        }
      ],
      "description": null
    },
    {
      "name": "Nudl.p vepřová vimi  nudlová vepřová",
      "brand": "Nudl.p",
      "product_url": "https://wolt.com/cs/cze/prague/venue/albert-vinohradska/nudl-p-veprova-vimi-nudlova-veprova-itemid-66021138a8bf1118a52bac88",
      "image_url": "https://imageproxy.wolt.com/menu/menu-images/6601c613e48d1c8d95333085/65975068-eae2-11ee-93ab-daa57e6835e8_23919594.jpg",
      "categories": [
        "TRVANLIVÉ",
        "INSTANTNÍ POKRMY"
      ],
      "prices": [
        {
          "store_name": "Albert",
          "price": 15.9,
          "original_price": null,
          "unit_price": 318.0,
          "unit": "Kg",
          "package_size": "50 g",
          "condition": null
        }
      ],
      "description": null
    },
    {
      "name": "Albert Eidam 45% plátky",
      "brand": "Albert",
      "product_url": "https://wolt.com/cs/cze/prague/venue/albert-vinohradska/albert-eidam-45-platky-itemid-64ca0b7cba162577de488683",
      "image_url": "https://imageproxy.wolt.com/menu/menu-images/64ffec4406cca0140dfab831/7eff6994-8ebe-11ee-b17f-b29f7f1f7f8d_27035146.jpg",
      "categories": [
        "MLÉČNÉ A CHLAZENÉ",
        "SÝRY"
      ],
      "prices": [
        {
          "store_name": "Albert",
          "price": 49.9,
          "original_price": null,
          "unit_price": 249.5,
          "unit": "Kg",
          "package_size": "200 g",
          "condition": null
        }
      ],
      "description": null
    },
    {
      "name": "Ceres soft Rostlinný tuk jedlý",
      "brand": "Ceres",
      "product_url": "https://wolt.com/cs/cze/prague/venue/albert-vinohradska/ceres-soft-rostlinny-tuk-jedly-itemid-64ca0b7cba162577de489b42",
      "image_url": "https://imageproxy.wolt.com/menu/menu-images/64ffec4406cca0140dfab831/82fccffe-8eb0-11ee-9016-7217cc85b990_23853577.jpg",
      "categories": [
        "MLÉČNÉ A CHLAZENÉ",
        "MÁSLO A TUKY"
      ],
      "prices": [
        {
          "store_name": "Albert",
          "price": 78.9,
          "original_price": null,
          "unit_price": 239.09,
          "unit": "Kg",
          "package_size": "330 g",
          "condition": null
        }
      ],
      "description": null
    },
    {
      "name": "Vitto Tea Lípa bylinný čaj porcovaný",
      "brand": "Vitto",
      "product_url": "https://wolt.com/cs/cze/prague/venue/albert-vinohradska/vitto-tea-lipa-bylinny-caj-porcovany-itemid-64ca0b7cba162577de489849",
      "image_url": "https://imageproxy.wolt.com/menu/menu-images/64ffec4406cca0140dfab831/6966176c-8eb5-11ee-85aa-c64f1deb8de2_25547740.jpg",
      "categories": [
        "NÁPOJE",
        "KÁVA A ČAJ"
      ],
      "prices": [
        {
          "store_name": "Albert",
          "price": 27.9,
          "original_price": null,
          "unit_price": 930.0,
          "unit": "Kg",
          "package_size": "30 g",
          "condition": null
        }
      ],
      "description": null
    },
    {
      "name": "Bear Beer IPA",
      "brand": "Bear Beer",
      "product_url": "https://wolt.com/cs/cze/prague/venue/albert-vinohradska/bear-beer-ipa-itemid-64ca0b7cba162577de48a6df",
      "image_url": "https://imageproxy.wolt.com/menu/menu-images/64ffec4406cca0140dfab831/d94f45b6-8ec0-11ee-babc-22bb34ae47e9_27198827.jpg",
      "categories": [
        "NÁPOJE",
        "PIVA"
      ],
      "prices": [
        {
          "store_name": "Albert",
          "price": 34.9,
          "original_price": null,
          "unit_price": 69.8,
          "unit": "l",
          "package_size": "500 ml, 5,6% alc",
          "condition": "18+"
        }
      ],
      "description": null
    },
    {
      "name": "Albert Smoothie mango a maracuja",
      "brand": "Albert",
      "product_url": "https://wolt.com/cs/cze/prague/venue/albert-vinohradska/albert-smoothie-mango-a-maracuja-itemid-64ca0b7cba162577de4888c7",
      "image_url": "https://imageproxy.wolt.com/menu/menu-images/64ffec4406cca0140dfab831/d2d9d192-8ec0-11ee-b899-9a1f6ae41663_27198582.jpg",
      "categories": [
        "NÁPOJE",
        "DŽUSY A NEKTARY"
      ],
      "prices": [
        {
          "store_name": "Albert",
          "price": 39.9,
          "original_price": null,
          "unit_price": 159.6,
          "unit": "l",
          "package_size": "250 ml",
          "condition": null
        }
      ],
      "description": null
    },
    {
      "name": "Gillette Mach3 rukojeť a holicí hlavice",
      "brand": "Gillette",
      "product_url": "https://wolt.com/cs/cze/prague/venue/albert-vinohradska/gillette-mach3-rukojet-a-holici-hlavice-itemid-657233256818b938df94788d",
      "image_url": "https://imageproxy.wolt.com/menu/menu-images/64ffec4406cca0140dfab831/b84fe1ee-8ead-11ee-8d49-0aa88a212956_21174995.jpg",
      "categories": [
        "DROGERIE A KOSMETIKA",
        "HOLENÍ A DEPILACE"
      ],
      "prices": [
        {
          "store_name": "Albert",
          "price": 249.0,
          "original_price": null,
          "unit_price": 249.0,
          "unit": "ks",
          "package_size": "‪1‬ kus",
          "condition": null
        }
      ],
      "description": null
    },
    {
      "name": "Božkov Vaječný likér 15%",
      "brand": "Božkov",
      "product_url": "https://wolt.com/cs/cze/prague/venue/albert-vinohradska/bozkov-vajecny-liker-15-itemid-64ca0b7cba162577de489623",
      "image_url": "https://imageproxy.wolt.com/menu/menu-images/64ffec4406cca0140dfab831/7d011ab0-8eb5-11ee-b9d7-2a789dffa3ae_25571561.jpg",
      "categories": [
        "NÁPOJE",
        "LIHOVINY"
      ],
      "prices": [
        {
          "store_name": "Albert",
          "price": 159.0,
          "original_price": null,
          "unit_price": 318.0,
          "unit": "l",
          "package_size": "500 ml, 15% alc",
          "condition": "18+"
        }
      ],
      "description": null
    },
    {
      "name": "Quinoové chipsy creme fraiche",
      "brand": "Quinoové",
      "product_url": "https://wolt.com/cs/cze/prague/venue/albert-vinohradska/quinoove-chipsy-creme-fraiche-itemid-64ca0b7cba162577de489131",
      "image_url": "https://imageproxy.wolt.com/menu/menu-images/64ffec4406cca0140dfab831/6c5a4e62-8ec3-11ee-8ea0-2e546726778e_27382646.jpg",
      "categories": [
        "TRVANLIVÉ",
        "SLANÉ"
      ],
      "prices": [
        {
          "store_name": "Albert",
          "price": 28.9,
          "original_price": null,
          "unit_price": 481.67,
          "unit": "Kg",
          "package_size": "60 g",
          "condition": null
        }
      ],
      "description": null
    },
    {
      "name": "Cafiss. espresso elegant  10ks",
      "brand": "Cafiss",
      "product_url": "https://wolt.com/cs/cze/prague/venue/albert-vinohradska/cafiss-espresso-elegant-10ks-itemid-64ca0b7cba162577de489e60",
      "image_url": "https://imageproxy.wolt.com/menu/menu-images/64ffec4406cca0140dfab831/881a3572-8eb4-11ee-8657-7a99d2fb2f9f_25347906.jpg",
      "categories": [
        "NÁPOJE",
        "KÁVA A ČAJ"
      ],
      "prices": [
        {
          "store_name": "Albert",
          "price": 129.9,
          "original_price": null,
          "unit_price": 12.99,
          "unit": "ks",
          "package_size": "‪10‬ kusů",
          "condition": null
        }
      ],
      "description": null
    },
    {
      "name": "Albert Greponáda",
      "brand": "Albert",
      "product_url": "https://wolt.com/cs/cze/prague/venue/albert-vinohradska/albert-greponada-itemid-64ca0b7cba162577de489adf",
      "image_url": "https://imageproxy.wolt.com/menu/menu-images/63ad795db242366d1f818f36/d7bd2888-0609-11ef-9d63-ae2be28bebd7_27728413.jpg",
      "categories": [
        "NÁPOJE",
        "DŽUSY A NEKTARY"
      ],
      "prices": [
        {
          "store_name": "Albert",
          "price": 39.9,
          "original_price": null,
          "unit_price": 99.75,
          "unit": "l",
          "package_size": "400 ml",
          "condition": null
        }
      ],
      "description": null
    },
    {
      "name": "Le & Co Pražská šunka nejvyšší jakosti",
      "brand": "Le & Co",
      "product_url": "https://wolt.com/cs/cze/prague/venue/albert-vinohradska/le-co-prazska-sunka-nejvyssi-jakosti-itemid-64ca0b7cba162577de48938f",
      "image_url": "https://imageproxy.wolt.com/menu/menu-images/64ffec4406cca0140dfab831/f8d51d86-8ec8-11ee-86b9-de55a5c8e569_27734704.jpg",
      "categories": [
        "UZENINY A LAHŮDKY",
        "ŠUNKY A SLANINY"
      ],
      "prices": [
        {
          "store_name": "Albert",
          "price": 26.9,
          "original_price": null,
          "unit_price": 269.0,
          "unit": "Kg",
          "package_size": "100 g",
          "condition": null
        }
      ],
      "description": null
    },
    {
      "name": "Prima Zmrzlina citronová s limetovým toppingem",
      "brand": "Prima",
      "product_url": "https://wolt.com/cs/cze/prague/venue/albert-vinohradska/prima-zmrzlina-citronova-s-limetovym-toppingem-itemid-6876153a0c6218e9f3e5f467",
      "image_url": "https://imageproxy.wolt.com/menu/menu-images/64b62ec5e5ab70cdc92e30f0/1e51ba22-616f-11f0-acf5-da5cbf168adb_27599419.jpg",
      "categories": [
        "MRAŽENÉ POTRAVINY",
        "ZMRZLINA A NANUKY"
      ],
      "prices": [
        {
          "store_name": "Albert",
          "price": 94.9,
          "original_price": null,
          "unit_price": 105.44,
          "unit": "l",
          "package_size": "900 ml",
          "condition": null
        }
      ],
      "description": null
    },
    {
      "name": "Hanácká Trendy 30%",
      "brand": "Hanácká",
      "product_url": "https://wolt.com/cs/cze/prague/venue/albert-vinohradska/hanacka-trendy-30-itemid-657233256818b938df948567",
      "image_url": "https://imageproxy.wolt.com/menu/menu-images/64ffec4406cca0140dfab831/4ca0fc08-8ec6-11ee-845f-eadfee8d92ce_27607725.jpg",
      "categories": [
        "NÁPOJE",
        "LIHOVINY"
      ],
      "prices": [
        {
          "store_name": "Albert",
          "price": 164.9,
          "original_price": null,
          "unit_price": 329.8,
          "unit": "l",
          "package_size": "500 ml, 30% alc",
          "condition": "18+"
        }
      ],
      "description": null
    },
    {
      "name": "Gran Maestro Rosso Puglia",
      "brand": "Gran",
      "product_url": "https://wolt.com/cs/cze/prague/venue/albert-vinohradska/gran-maestro-rosso-puglia-itemid-64ca0b7cba162577de48a245",
      "image_url": "https://imageproxy.wolt.com/menu/menu-images/64ffec4406cca0140dfab831/5a40cf1e-8ebc-11ee-a477-62c80973176d_26833903.jpg",
      "categories": [
        "NÁPOJE",
        "VÍNA"
      ],
      "prices": [
        {
          "store_name": "Albert",
          "price": 249.0,
          "original_price": null,
          "unit_price": 332.0,
          "unit": "l",
          "package_size": "750 ml, 14,5% alc",
          "condition": "18+"
        }
      ],
      "description": null
    },
    {
      "name": "Jablečný mošt",
      "brand": "Jablečný",
      "product_url": "https://wolt.com/cs/cze/prague/venue/albert-vinohradska/jablecny-most-itemid-64ca0b7cba162577de48a15c",
      "image_url": "https://imageproxy.wolt.com/menu/menu-images/64ffec4406cca0140dfab831/8e7c0a98-8eba-11ee-abea-9e446d541704_26637983.jpg",
      "categories": [
        "NÁPOJE",
        "DŽUSY A NEKTARY"
      ],
      "prices": [
        {
          "store_name": "Albert",
          "price": 179.0,
          "original_price": null,
          "unit_price": 35.8,
          "unit": "l",
          "package_size": "5 l",
          "condition": "Vyprodáno"
        }
      ],
      "description": null
    },
    {
      "name": "Nowaco Zelenina pod svíčkovou, proužky",
      "brand": "Nowaco",
      "product_url": "https://wolt.com/cs/cze/prague/venue/albert-vinohradska/nowaco-zelenina-pod-svickovou-prouzky-itemid-6876153a0c6218e9f3e5f408",
      "image_url": "https://imageproxy.wolt.com/menu/menu-images/64b62ec5e5ab70cdc92e30f0/e5487fcc-616e-11f0-9267-b2551ebe6466_23463455.jpg",
      "categories": [
        "MRAŽENÉ POTRAVINY",
        "MRAŽENÉ OVOCE A ZELENINA"
      ],
      "prices": [
        {
          "store_name": "Albert",
          "price": null,
          "original_price": null,
          "unit_price": 85.43,
          "unit": "Kg",
          "package_size": "350 g",
          "condition": "Sleva"
        }
      ],
      "description": null
    },
    {
      "name": "Jaroměřický Tvaroh tučný",
      "brand": "Jaroměřický",
      "product_url": "https://wolt.com/cs/cze/prague/venue/albert-vinohradska/jaromericky-tvaroh-tucny-itemid-64ca0b7cba162577de48916c",
      "image_url": "https://imageproxy.wolt.com/menu/menu-images/64ffec4406cca0140dfab831/83a737e2-8eaf-11ee-abca-c27bf70975f2_23334366.jpg",
      "categories": [
        "MLÉČNÉ A CHLAZENÉ",
        "TVAROHY"
      ],
      "prices": [
        {
          "store_name": "Albert",
          "price": 47.9,
          "original_price": null,
          "unit_price": 191.6,
          "unit": "Kg",
          "package_size": "250 g",
          "condition": null
        }
      ],
      "description": null
    },
    {
      "name": "Savo WC gel na vodní kámen turbo",
      "brand": "Savo",
      "product_url": "https://wolt.com/cs/cze/prague/venue/albert-vinohradska/savo-wc-gel-na-vodni-kamen-turbo-itemid-651c852d2f1068ef3a41940f",
      "image_url": "https://imageproxy.wolt.com/menu/menu-images/64ffec4406cca0140dfab831/2a086678-8eca-11ee-a76e-8a2356a84f6b_27771297.jpg",
      "categories": [
        "DOMÁCNOST A ZAHRADA",
        "ÚKLIDOVÉ POTŘEBY"
      ],
      "prices": [
        {
          "store_name": "Albert",
          "price": 59.9,
          "original_price": null,
          "unit_price": 85.57,
          "unit": "l",
          "package_size": "700 ml",
          "condition": null
        }
      ],
      "description": null
    },
    {
      "name": "Velkopopovický Kozel 10 světlé výčepní",
      "brand": "Velkopopovický Kozel",
      "product_url": "https://wolt.com/cs/cze/prague/venue/albert-vinohradska/velkopopovicky-kozel-10-svetle-vycepni-itemid-64ca0b7cba162577de489021",
      "image_url": "https://imageproxy.wolt.com/menu/menu-images/64ffec4406cca0140dfab831/44c888b4-8eb9-11ee-b19c-e6fbf8d3c3b0_26396705.jpg",
      "categories": [
        "NÁPOJE",
        "PIVA"
      ],
      "prices": [
        {
          "store_name": "Albert",
          "price": 22.9,
          "original_price": null,
          "unit_price": 41.64,
          "unit": "l",
          "package_size": "550 ml, 4,2% alc",
          "condition": "18+"
        }
      ],
      "description": null
    },
    {
      "name": "Perwoll Speciální prací prostředek Blossom",
      "brand": "Perwoll",
      "product_url": "https://wolt.com/cs/cze/prague/venue/albert-vinohradska/perwoll-specialni-praci-prostredek-blossom-itemid-6601f6714a8afaf2fbd6f07c",
      "image_url": "https://imageproxy.wolt.com/menu/menu-images/6601c613e48d1c8d95333085/93a171ac-eae5-11ee-8e87-26602bd55ff2_27848661.jpg",
      "categories": [
        "DROGERIE A KOSMETIKA",
        "PRACÍ PROSTŘEDKY"
      ],
      "prices": [
        {
          "store_name": "Albert",
          "price": 249.0,
          "original_price": null,
          "unit_price": 4.15,
          "unit": "ks",
          "package_size": "‪60‬ kusů",
          "condition": null
        }
      ],
      "description": null
    },
    {
      "name": "Alpro Mandlový nápoj neslazený",
      "brand": "Alpro",
      "product_url": "https://wolt.com/cs/cze/prague/venue/albert-vinohradska/alpro-mandlovy-napoj-neslazeny-itemid-64ca0b7cba162577de488b0f",
      "image_url": "https://imageproxy.wolt.com/menu/menu-images/63ad795db242366d1f818f36/a59122e6-df7c-11ee-99ef-62ac2de20901_26826523.jpg",
      "categories": [
        "MLÉČNÉ A CHLAZENÉ",
        "ROSTLINNÉ PRODUKTY"
      ],
      "prices": [
        {
          "store_name": "Albert",
          "price": 86.9,
          "original_price": null,
          "unit_price": 86.9,
          "unit": "l",
          "package_size": "1 l",
          "condition": null
        }
      ],
      "description": null
    },
    {
      "name": "Nowaco Čínská zeleninová směs",
      "brand": "Nowaco",
      "product_url": "https://wolt.com/cs/cze/prague/venue/albert-vinohradska/nowaco-cinska-zeleninova-smes-itemid-6876153a0c6218e9f3e5f43c",
      "image_url": "https://imageproxy.wolt.com/menu/menu-images/64b62ec5e5ab70cdc92e30f0/027c31ec-616f-11f0-9568-aa3bb4f4f457_26956824.jpg",
      "categories": [
        "MRAŽENÉ POTRAVINY",
        "MRAŽENÉ OVOCE A ZELENINA"
      ],
      "prices": [
        {
          "store_name": "Albert",
          "price": 44.9,
          "original_price": null,
          "unit_price": 128.29,
          "unit": "Kg",
          "package_size": "350 g",
          "condition": null
        }
      ],
      "description": null
    },
    {
      "name": "Naturella Ultra Maxi vložky s křidélky",
      "brand": "Naturella",
      "product_url": "https://wolt.com/cs/cze/prague/venue/albert-vinohradska/naturella-ultra-maxi-vlozky-s-kridelky-itemid-6601f12eb73ad7bfe16af8e0",
      "image_url": "https://imageproxy.wolt.com/menu/menu-images/6601c613e48d1c8d95333085/7621fb04-eae2-11ee-8e01-3a68d9936760_24242769.jpg",
      "categories": [
        "DROGERIE A KOSMETIKA",
        "DÁMSKÉ HYG. POTŘEBY"
      ],
      "prices": [
        {
          "store_name": "Albert",
          "price": 94.9,
          "original_price": null,
          "unit_price": 5.93,
          "unit": "ks",
          "package_size": "‪16‬ kusů",
          "condition": null
        }
      ],
      "description": null
    },
    {
      "name": "Giana Olivy zelené plněné mandlí",
      "brand": "Giana",
      "product_url": "https://wolt.com/cs/cze/prague/venue/albert-vinohradska/giana-olivy-zelene-plnene-mandli-itemid-64ca0b7cba162577de48934a",
      "image_url": "https://imageproxy.wolt.com/menu/menu-images/63ad795db242366d1f818f36/7126f032-cca1-11ee-98ed-9ac03e73d9fe_25642964.jpg",
      "categories": [
        "TRVANLIVÉ",
        "KONZERVOVANÉ POTR."
      ],
      "prices": [
        {
          "store_name": "Albert",
          "price": 89.9,
          "original_price": null,
          "unit_price": 1057.65,
          "unit": "Kg",
          "package_size": "85 g",
          "condition": null
        }
      ],
      "description": null
    },
    {
      "name": "Country Life Umeocet",
      "brand": "Country",
      "product_url": "https://wolt.com/cs/cze/prague/venue/albert-vinohradska/country-life-umeocet-itemid-64ca0b7cba162577de48a138",
      "image_url": "https://imageproxy.wolt.com/menu/menu-images/64ffec4406cca0140dfab831/49dcff4c-8ebe-11ee-86d3-46136b2ea02a_27016350.jpg",
      "categories": [
        "TRVANLIVÉ",
        "OLEJE A OCTY"
      ],
      "prices": [
        {
          "store_name": "Albert",
          "price": 59.9,
          "original_price": null,
          "unit_price": 299.5,
          "unit": "l",
          "package_size": "200 ml",
          "condition": null
        }
      ],
      "description": null
    },
    {
      "name": "Hraška na zahušťování bez lepku",
      "brand": "Hraška",
      "product_url": "https://wolt.com/cs/cze/prague/venue/albert-vinohradska/hraska-na-zahustovani-bez-lepku-itemid-64ca0b7cba162577de48994f",
      "image_url": "https://imageproxy.wolt.com/menu/menu-images/64ffec4406cca0140dfab831/29479b36-8ebc-11ee-9375-1299365deb04_26827049.jpg",
      "categories": [
        "TRVANLIVÉ",
        "PEČENÍ A VAŘENÍ"
      ],
      "prices": [
        {
          "store_name": "Albert",
          "price": 49.9,
          "original_price": null,
          "unit_price": 356.43,
          "unit": "Kg",
          "package_size": "140 g",
          "condition": null
        }
      ],
      "description": null
    },
    {
      "name": "Dynybyl Special Dry Gin 37,5%",
      "brand": "Dynybyl",
      "product_url": "https://wolt.com/cs/cze/prague/venue/albert-vinohradska/dynybyl-special-dry-gin-37-5-itemid-64ca0b7cba162577de4889b7",
      "image_url": "https://imageproxy.wolt.com/menu/menu-images/64ffec4406cca0140dfab831/0a574706-8eb4-11ee-b71f-22a8008f3216_25236569.jpg",
      "categories": [
        "NÁPOJE",
        "LIHOVINY"
      ],
      "prices": [
        {
          "store_name": "Albert",
          "price": 219.0,
          "original_price": null,
          "unit_price": 438.0,
          "unit": "l",
          "package_size": "500 ml, 37,5% alc",
          "condition": "18+"
        }
      ],
      "description": null
    },
    {
      "name": "Bonavita Sójové nudličky",
      "brand": "Bonavita",
      "product_url": "https://wolt.com/cs/cze/prague/venue/albert-vinohradska/bonavita-sojove-nudlicky-itemid-64ca0b7cba162577de489608",
      "image_url": "https://imageproxy.wolt.com/menu/menu-images/64ffec4406cca0140dfab831/6e3fc4ca-8ead-11ee-87e3-c27bf70975f2_20776381.jpg",
      "categories": [
        "TRVANLIVÉ",
        "RÝŽE A VAŘENÍ"
      ],
      "prices": [
        {
          "store_name": "Albert",
          "price": 28.9,
          "original_price": null,
          "unit_price": 361.25,
          "unit": "Kg",
          "package_size": "80 g",
          "condition": null
        }
      ],
      "description": null
    },
    {
      "name": "Kuřecí steak mletý polotovar",
      "brand": null,
      "product_url": "https://wolt.com/cs/cze/prague/venue/albert-vinohradska/kureci-steak-mlety-polotovar-itemid-64ca0b7cba162577de488235",
      "image_url": "https://imageproxy.wolt.com/menu/menu-images/63ad795db242366d1f818f36/6864d1e0-ce6b-11ef-b495-a677d29fee18_27230008.jpg",
      "categories": [
        "MASO A RYBY",
        "DRŮBEŽ"
      ],
      "prices": [
        {
          "store_name": "Albert",
          "price": null,
          "original_price": null,
          "unit_price": 139.8,
          "unit": "Kg",
          "package_size": "500 g",
          "condition": "Sleva"
        }
      ],
      "description": null
    },
    {
      "name": "Lindt Excellence Čokoláda hořká s chilli",
      "brand": "Lindt",
      "product_url": "https://wolt.com/cs/cze/prague/venue/albert-vinohradska/lindt-excellence-cokolada-horka-s-chilli-itemid-64ca0b7cba162577de48982b",
      "image_url": "https://imageproxy.wolt.com/menu/menu-images/63ad795db242366d1f818f36/0512f58e-2b47-11f0-a92c-5a6735c8222f_24332309.jpg",
      "categories": [
        "TRVANLIVÉ",
        "SLADKOSTI"
      ],
      "prices": [
        {
          "store_name": "Albert",
          "price": null,
          "original_price": null,
          "unit_price": 699.0,
          "unit": "Kg",
          "package_size": "100 g",
          "condition": "Sleva"
        }
      ],
      "description": null
    },
    {
      "name": "Emco Super Mysli s jahodami bez cukru",
      "brand": "Emco",
      "product_url": "https://wolt.com/cs/cze/prague/venue/albert-vinohradska/emco-super-mysli-s-jahodami-bez-cukru-itemid-64ca0b7cba162577de4891c2",
      "image_url": "https://imageproxy.wolt.com/menu/menu-images/64ffec4406cca0140dfab831/02fcfb4e-8ebf-11ee-b734-62c80973176d_27085943.jpg",
      "categories": [
        "TRVANLIVÉ",
        "MÜSLI A CEREÁLIE"
      ],
      "prices": [
        {
          "store_name": "Albert",
          "price": 125.9,
          "original_price": null,
          "unit_price": 251.8,
          "unit": "Kg",
          "package_size": "500 g",
          "condition": null
        }
      ],
      "description": null
    },
    {
      "name": "7Days Croissant náplň kakao a kokos",
      "brand": "7Days",
      "product_url": "https://wolt.com/cs/cze/prague/venue/albert-vinohradska/7days-croissant-napln-kakao-a-kokos-itemid-6601ecbebfd395b2dbcf4746",
      "image_url": "https://imageproxy.wolt.com/menu/menu-images/6601c613e48d1c8d95333085/7aa155aa-eae5-11ee-b052-0a322dd571ff_27843949.jpg",
      "categories": [
        "PEKÁRNA A CUKRÁRNA",
        "SLADKÉ PEČIVO BALENÉ"
      ],
      "prices": [
        {
          "store_name": "Albert",
          "price": 23.9,
          "original_price": null,
          "unit_price": 298.75,
          "unit": "Kg",
          "package_size": "80 g",
          "condition": null
        }
      ],
      "description": null
    },
    {
      "name": "Madeta Zakysaná smetana 11%",
      "brand": "Madeta",
      "product_url": "https://wolt.com/cs/cze/prague/venue/albert-vinohradska/madeta-zakysana-smetana-11-itemid-64ca0b7cba162577de4898df",
      "image_url": "https://imageproxy.wolt.com/menu/menu-images/64ffec4406cca0140dfab831/34c4d1e6-8eb6-11ee-babe-76d18bdc0849_25712353.jpg",
      "categories": [
        "MLÉČNÉ A CHLAZENÉ",
        "SMETANY A ŠLEHAČKY"
      ],
      "prices": [
        {
          "store_name": "Albert",
          "price": 26.9,
          "original_price": null,
          "unit_price": 149.44,
          "unit": "Kg",
          "package_size": "180 g",
          "condition": null
        }
      ],
      "description": null
    },
    {
      "name": "Svíčka hřbitovní Parafínový vosk.",
      "brand": null,
      "product_url": "https://wolt.com/cs/cze/prague/venue/albert-vinohradska/svicka-hrbitovni-parafinovy-vosk-itemid-64ca0b7cba162577de489d35",
      "image_url": "https://imageproxy.wolt.com/menu/menu-images/63ad795db242366d1f818f36/78498558-9796-11ef-8956-da6687ff8a5a_24885492.jpg",
      "categories": [
        "DOMÁCNOST A ZAHRADA",
        "SVÍČKY"
      ],
      "prices": [
        {
          "store_name": "Albert",
          "price": 39.9,
          "original_price": null,
          "unit_price": 39.9,
          "unit": "ks",
          "package_size": "‪1‬ kus",
          "condition": null
        }
      ],
      "description": null
    },
    {
      "name": "Butterfly Chardonnay",
      "brand": "Butterfly",
      "product_url": "https://wolt.com/cs/cze/prague/venue/albert-vinohradska/butterfly-chardonnay-itemid-657233256818b938df94798b",
      "image_url": "https://imageproxy.wolt.com/menu/menu-images/64ffec4406cca0140dfab831/8d0498ae-8ec1-11ee-9b67-222205837f4e_27253755.jpg",
      "categories": [
        "NÁPOJE",
        "VÍNA"
      ],
      "prices": [
        {
          "store_name": "Albert",
          "price": 129.9,
          "original_price": null,
          "unit_price": 173.2,
          "unit": "l",
          "package_size": "750 ml, 11% alc",
          "condition": "18+"
        }
      ],
      "description": null
    },
    {
      "name": "Vitana Steak 7 pepřů",
      "brand": "Vitana",
      "product_url": "https://wolt.com/cs/cze/prague/venue/albert-vinohradska/vitana-steak-7-pepru-itemid-64ca0b7cba162577de489365",
      "image_url": "https://imageproxy.wolt.com/menu/menu-images/64ffec4406cca0140dfab831/dd7db95c-8eba-11ee-93fb-be8c16d2d45a_26685328.jpg",
      "categories": [
        "TRVANLIVÉ",
        "KOŘENÍ A OCHUCOVADLA"
      ],
      "prices": [
        {
          "store_name": "Albert",
          "price": 18.9,
          "original_price": null,
          "unit_price": 821.74,
          "unit": "Kg",
          "package_size": "23 g",
          "condition": null
        }
      ],
      "description": null
    },
    {
      "name": "Granini Pomeranč a mango",
      "brand": "Granini",
      "product_url": "https://wolt.com/cs/cze/prague/venue/albert-vinohradska/granini-pomeranc-a-mango-itemid-64ca0b7cba162577de4886bd",
      "image_url": "https://imageproxy.wolt.com/menu/menu-images/64ffec4406cca0140dfab831/e48a4b0e-8ebd-11ee-ab15-fe8631c3d5e9_26975863.jpg",
      "categories": [
        "NÁPOJE",
        "DŽUSY A NEKTARY"
      ],
      "prices": [
        {
          "store_name": "Albert",
          "price": 54.9,
          "original_price": null,
          "unit_price": 54.9,
          "unit": "l",
          "package_size": "1 l",
          "condition": null
        }
      ],
      "description": null
    },
    {
      "name": "Pepsi ZERO sugar",
      "brand": "Pepsi",
      "product_url": "https://wolt.com/cs/cze/prague/venue/albert-vinohradska/pepsi-zero-sugar-itemid-64ca0b7cba162577de488429",
      "image_url": "https://imageproxy.wolt.com/menu/menu-images/63ad795db242366d1f818f36/4fd439c0-e818-11ee-a3e1-3afcad4b2681_25527797.jpg",
      "categories": [
        "NÁPOJE",
        "LIMONÁDY"
      ],
      "prices": [
        {
          "store_name": "Albert",
          "price": 38.9,
          "original_price": null,
          "unit_price": 25.93,
          "unit": "l",
          "package_size": "1,5 l",
          "condition": null
        }
      ],
      "description": null
    },
    {
      "name": "Vitana Do hrnečku Kuřecí s nudlemi",
      "brand": "Vitana",
      "product_url": "https://wolt.com/cs/cze/prague/venue/albert-vinohradska/vitana-do-hrnecku-kureci-s-nudlemi-itemid-66021d544ddbcd9f3d276a8c",
      "image_url": "https://imageproxy.wolt.com/menu/menu-images/6601c613e48d1c8d95333085/9846fd10-eae2-11ee-9c16-4edc7219f866_25017663.jpg",
      "categories": [
        "TRVANLIVÉ",
        "INSTANTNÍ POKRMY"
      ],
      "prices": [
        {
          "store_name": "Albert",
          "price": 14.9,
          "original_price": null,
          "unit_price": 1064.29,
          "unit": "Kg",
          "package_size": "14 g",
          "condition": null
        }
      ],
      "description": null
    },
    {
      "name": "Mattoni Minerální voda neperlivá",
      "brand": "Mattoni",
      "product_url": "https://wolt.com/cs/cze/prague/venue/albert-vinohradska/mattoni-mineralni-voda-neperliva-itemid-64ca0b7cba162577de48842b",
      "image_url": "https://imageproxy.wolt.com/menu/menu-images/64ffec4406cca0140dfab831/4dd3e902-8eb0-11ee-ad27-7217cc85b990_23727656.jpg",
      "categories": [
        "NÁPOJE",
        "VODY A MINERÁLKY"
      ],
      "prices": [
        {
          "store_name": "Albert",
          "price": 16.9,
          "original_price": null,
          "unit_price": 11.27,
          "unit": "l",
          "package_size": "1,5 l",
          "condition": null
        }
      ],
      "description": null
    },
    {
      "name": "Palmolive Men Energising sprchový gel 3v1",
      "brand": "Palmolive",
      "product_url": "https://wolt.com/cs/cze/prague/venue/albert-vinohradska/palmolive-men-energising-sprchovy-gel-3v1-itemid-64ca0b7cba162577de489ddc",
      "image_url": "https://imageproxy.wolt.com/menu/menu-images/63ad795db242366d1f818f36/b149b3d4-5efa-11ef-a851-a2890cf51242_25612080.jpg",
      "categories": [
        "DROGERIE A KOSMETIKA",
        "MÝDLA A GELY"
      ],
      "prices": [
        {
          "store_name": "Albert",
          "price": null,
          "original_price": null,
          "unit_price": 139.8,
          "unit": "l",
          "package_size": "500 ml",
          "condition": "Sleva"
        }
      ],
      "description": null
    },
    {
      "name": "Red Bull Blue Edition",
      "brand": "Red",
      "product_url": "https://wolt.com/cs/cze/prague/venue/albert-vinohradska/red-bull-blue-edition-itemid-657233256818b938df9487ba",
      "image_url": "https://imageproxy.wolt.com/menu/menu-images/64ffec4406cca0140dfab831/a303444a-8eb5-11ee-a473-76d18bdc0849_25590272.jpg",
      "categories": [
        "NÁPOJE",
        "ENERGY NÁPOJE"
      ],
      "prices": [
        {
          "store_name": "Albert",
          "price": 32.9,
          "original_price": null,
          "unit_price": 131.6,
          "unit": "l",
          "package_size": "250 ml",
          "condition": null
        }
      ],
      "description": null
    },
    {
      "name": "Vitana Houskové knedlíky",
      "brand": "Vitana",
      "product_url": "https://wolt.com/cs/cze/prague/venue/albert-vinohradska/vitana-houskove-knedliky-itemid-64ca0b7cba162577de489bca",
      "image_url": "https://imageproxy.wolt.com/menu/menu-images/64ffec4406cca0140dfab831/633f80fc-8eac-11ee-9b5b-f2a93e51b7a9_20304362.jpg",
      "categories": [
        "TRVANLIVÉ",
        "PEČENÍ A VAŘENÍ"
      ],
      "prices": [
        {
          "store_name": "Albert",
          "price": 49.9,
          "original_price": null,
          "unit_price": 110.89,
          "unit": "Kg",
          "package_size": "450 g",
          "condition": null
        }
      ],
      "description": null
    },
    {
      "name": "Cappy 100% jablko",
      "brand": "Cappy",
      "product_url": "https://wolt.com/cs/cze/prague/venue/albert-vinohradska/cappy-100-jablko-itemid-64ca0b7cba162577de489809",
      "image_url": "https://imageproxy.wolt.com/menu/menu-images/63ad795db242366d1f818f36/6b4479a4-bbe4-11ef-85a4-f26a16068083_25884692.jpg",
      "categories": [
        "NÁPOJE",
        "DŽUSY A NEKTARY"
      ],
      "prices": [
        {
          "store_name": "Albert",
          "price": 39.9,
          "original_price": null,
          "unit_price": 39.9,
          "unit": "l",
          "package_size": "1 l",
          "condition": null
        }
      ],
      "description": null
    },
    {
      "name": "Mlékárna Kunín Mléčná rýže natural",
      "brand": "Mlékárna Kunín",
      "product_url": "https://wolt.com/cs/cze/prague/venue/albert-vinohradska/mlekarna-kunin-mlecna-ryze-natural-itemid-64ca0b7cba162577de488ae5",
      "image_url": "https://imageproxy.wolt.com/menu/menu-images/63ad795db242366d1f818f36/cddbc856-e818-11ee-9b27-2a8ca0ee8d93_22831903.jpg",
      "categories": [
        "MLÉČNÉ A CHLAZENÉ",
        "JOGURTY A DEZERTY"
      ],
      "prices": [
        {
          "store_name": "Albert",
          "price": 24.9,
          "original_price": null,
          "unit_price": 166.0,
          "unit": "Kg",
          "package_size": "150 g",
          "condition": null
        }
      ],
      "description": null
    },
    {
      "name": "Albert Toaletní papír Deluxe heřmánek",
      "brand": "Albert",
      "product_url": "https://wolt.com/cs/cze/prague/venue/albert-vinohradska/albert-toaletni-papir-deluxe-hermanek-itemid-64ca0b7cba162577de488d33",
      "image_url": "https://imageproxy.wolt.com/menu/menu-images/64ffec4406cca0140dfab831/fd7e468c-8eb9-11ee-9ed0-22a8008f3216_26547428.jpg",
      "categories": [
        "DROGERIE A KOSMETIKA",
        "PAPÍROVÁ HYGIENA"
      ],
      "prices": [
        {
          "store_name": "Albert",
          "price": null,
          "original_price": null,
          "unit_price": 0.26,
          "unit": "ks",
          "package_size": "‪152‬ kusů",
          "condition": "Sleva"
        }
      ],
      "description": null
    },
    {
      "name": "Mléko polotučné 1,5% trvanlivé, různé druhy",
      "brand": null,
      "product_url": "https://wolt.com/cs/cze/prague/venue/albert-vinohradska/mleko-polotucne-1-5-trvanlive-ruzne-druhy-itemid-64ca0b7cba162577de488085",
      "image_url": "https://imageproxy.wolt.com/menu/menu-images/63ad795db242366d1f818f36/bd9fd13c-7825-11f0-8923-8e3493083137_20294212.jpg",
      "categories": [
        "MLÉČNÉ A CHLAZENÉ",
        "MLÉČNÉ NÁPOJE"
      ],
      "prices": [
        {
          "store_name": "Albert",
          "price": 24.9,
          "original_price": null,
          "unit_price": 24.9,
          "unit": "l",
          "package_size": "1 l",
          "condition": null
        }
      ],
      "description": null
    },
    {
      "name": "Dr. Oetker Marcipán",
      "brand": "Dr. Oetker",
      "product_url": "https://wolt.com/cs/cze/prague/venue/albert-vinohradska/dr-oetker-marcipan-itemid-64ca0b7cba162577de489dc3",
      "image_url": "https://imageproxy.wolt.com/menu/menu-images/63ad795db242366d1f818f36/030c3950-a8ea-11f0-a90f-82afdeeef92c_25137682.jpg",
      "categories": [
        "TRVANLIVÉ",
        "PEČENÍ A VAŘENÍ"
      ],
      "prices": [
        {
          "store_name": "Albert",
          "price": 79.9,
          "original_price": null,
          "unit_price": 532.67,
          "unit": "Kg",
          "package_size": "150 g",
          "condition": null
        }
      ],
      "description": null
    },
    {
      "name": "Albert Zelí kysané bílé",
      "brand": "Albert",
      "product_url": "https://wolt.com/cs/cze/prague/venue/albert-vinohradska/albert-zeli-kysane-bile-itemid-64ca0b7cba162577de488335",
      "image_url": "https://imageproxy.wolt.com/menu/menu-images/64ffec4406cca0140dfab831/16a1376a-8eaf-11ee-9f02-ca6029740ad7_23093829.jpg",
      "categories": [
        "OVOCE A ZELENINA",
        "ZELENINA"
      ],
      "prices": [
        {
          "store_name": "Albert",
          "price": 18.9,
          "original_price": null,
          "unit_price": 54.0,
          "unit": "Kg",
          "package_size": "350 g",
          "condition": null
        }
      ],
      "description": null
    },
    {
      "name": "Mlékárna Kunín Zakysaná 8%",
      "brand": "Mlékárna Kunín",
      "product_url": "https://wolt.com/cs/cze/prague/venue/albert-vinohradska/mlekarna-kunin-zakysana-8-itemid-64ca0b7cba162577de4891f9",
      "image_url": "https://imageproxy.wolt.com/menu/menu-images/64ffec4406cca0140dfab831/9274dcb0-8ebf-11ee-8b48-362baa77ef89_27123560.jpg",
      "categories": [
        "MLÉČNÉ A CHLAZENÉ",
        "SMETANY A ŠLEHAČKY"
      ],
      "prices": [
        {
          "store_name": "Albert",
          "price": 20.9,
          "original_price": null,
          "unit_price": 110.0,
          "unit": "Kg",
          "package_size": "190 g",
          "condition": null
        }
      ],
      "description": null
    },
    {
      "name": "TePe Easy Mezizubní kartáček XS/S",
      "brand": "TePe",
      "product_url": "https://wolt.com/cs/cze/prague/venue/albert-vinohradska/tepe-easy-mezizubni-kartacek-xs-s-itemid-657233256818b938df947921",
      "image_url": "https://imageproxy.wolt.com/menu/menu-images/64ffec4406cca0140dfab831/143dd152-8ebb-11ee-a3d0-1627932f216d_26734309.jpg",
      "categories": [
        "DROGERIE A KOSMETIKA",
        "ÚSTNÍ HYGIENA"
      ],
      "prices": [
        {
          "store_name": "Albert",
          "price": 149.9,
          "original_price": null,
          "unit_price": 4.16,
          "unit": "ks",
          "package_size": "‪36‬ kusů",
          "condition": null
        }
      ],
      "description": null
    },
    {
      "name": "Pickwick Zelený čaj s citrónem",
      "brand": "Pickwick",
      "product_url": "https://wolt.com/cs/cze/prague/venue/albert-vinohradska/pickwick-zeleny-caj-s-citronem-itemid-64ca0b7cba162577de489898",
      "image_url": "https://imageproxy.wolt.com/menu/menu-images/64ffec4406cca0140dfab831/16a20bd2-8eae-11ee-bdbb-2e6db99b5925_21709777.jpg",
      "categories": [
        "NÁPOJE",
        "KÁVA A ČAJ"
      ],
      "prices": [
        {
          "store_name": "Albert",
          "price": 32.9,
          "original_price": null,
          "unit_price": 822.5,
          "unit": "Kg",
          "package_size": "40 g",
          "condition": null
        }
      ],
      "description": null
    },
    {
      "name": "Nescafé Classic instantní káva bez kofeinu",
      "brand": "Nescafé",
      "product_url": "https://wolt.com/cs/cze/prague/venue/albert-vinohradska/nescafe-classic-instantni-kava-bez-kofeinu-itemid-64ca0b7cba162577de48974b",
      "image_url": "https://imageproxy.wolt.com/menu/menu-images/63ad795db242366d1f818f36/3cfb2c0a-e818-11ee-8baf-3afcad4b2681_20319601.jpg",
      "categories": [
        "NÁPOJE",
        "KÁVA A ČAJ"
      ],
      "prices": [
        {
          "store_name": "Albert",
          "price": 149.9,
          "original_price": null,
          "unit_price": 1499.0,
          "unit": "Kg",
          "package_size": "100 g",
          "condition": null
        }
      ],
      "description": null
    },
    {
      "name": "Pedro Pendreky  s příchutí jahody",
      "brand": "Pedro",
      "product_url": "https://wolt.com/cs/cze/prague/venue/albert-vinohradska/pedro-pendreky-s-prichuti-jahody-itemid-64ca0b7cba162577de488287",
      "image_url": "https://imageproxy.wolt.com/menu/menu-images/64ffec4406cca0140dfab831/aa17f3fa-8ebc-11ee-87bd-cef5e19e5e09_26855394.jpg",
      "categories": [
        "TRVANLIVÉ",
        "SLADKOSTI"
      ],
      "prices": [
        {
          "store_name": "Albert",
          "price": 23.9,
          "original_price": null,
          "unit_price": 298.75,
          "unit": "Kg",
          "package_size": "80 g",
          "condition": null
        }
      ],
      "description": null
    },
    {
      "name": "Vitana Cukr vanilinový",
      "brand": "Vitana",
      "product_url": "https://wolt.com/cs/cze/prague/venue/albert-vinohradska/vitana-cukr-vanilinovy-itemid-64ca0b7cba162577de4894e6",
      "image_url": "https://imageproxy.wolt.com/menu/menu-images/64ffec4406cca0140dfab831/cbe9f756-8eb9-11ee-98db-5a7762fb688d_26492506.jpg",
      "categories": [
        "TRVANLIVÉ",
        "PEČENÍ A VAŘENÍ"
      ],
      "prices": [
        {
          "store_name": "Albert",
          "price": 29.9,
          "original_price": null,
          "unit_price": 299.0,
          "unit": "Kg",
          "package_size": "100 g",
          "condition": null
        }
      ],
      "description": null
    },
    {
      "name": "Savo Čistič ve spreji Koupelna",
      "brand": "Savo",
      "product_url": "https://wolt.com/cs/cze/prague/venue/albert-vinohradska/savo-cistic-ve-spreji-koupelna-itemid-64ca0b7cba162577de488e4f",
      "image_url": "https://imageproxy.wolt.com/menu/menu-images/64ffec4406cca0140dfab831/9c301aa0-8eae-11ee-8c20-2e6db99b5925_22596932.jpg",
      "categories": [
        "DOMÁCNOST A ZAHRADA",
        "ÚKLIDOVÉ POTŘEBY"
      ],
      "prices": [
        {
          "store_name": "Albert",
          "price": null,
          "original_price": null,
          "unit_price": 139.8,
          "unit": "l",
          "package_size": "500 ml",
          "condition": "Sleva"
        }
      ],
      "description": null
    },
    {
      "name": "Opavia BeBe Dobré ráno kakaové s čokoládou 8x50g",
      "brand": "Opavia",
      "product_url": "https://wolt.com/cs/cze/prague/venue/albert-vinohradska/opavia-bebe-dobre-rano-kakaove-s-cokoladou-8x50g-itemid-64ca0b7cba162577de48944d",
      "image_url": "https://imageproxy.wolt.com/menu/menu-images/63ad795db242366d1f818f36/c262bef4-ed43-11ef-825d-6244a2b208ab_23488359.jpg",
      "categories": [
        "TRVANLIVÉ",
        "SLADKOSTI"
      ],
      "prices": [
        {
          "store_name": "Albert",
          "price": 69.9,
          "original_price": null,
          "unit_price": 174.75,
          "unit": "Kg",
          "package_size": "400 g",
          "condition": null
        }
      ],
      "description": null
    },
    {
      "name": "Fino Easy-Pack Pytle na odpadky 60 l",
      "brand": "Fino",
      "product_url": "https://wolt.com/cs/cze/prague/venue/albert-vinohradska/fino-easy-pack-pytle-na-odpadky-60-l-itemid-64ca0b7cba162577de489d0b",
      "image_url": "https://imageproxy.wolt.com/menu/menu-images/64ffec4406cca0140dfab831/50b78ce0-8eb1-11ee-8d1f-0208801a60c2_24284356.jpg",
      "categories": [
        "DOMÁCNOST A ZAHRADA",
        "ÚKLIDOVÉ POTŘEBY"
      ],
      "prices": [
        {
          "store_name": "Albert",
          "price": 69.9,
          "original_price": null,
          "unit_price": 3.5,
          "unit": "ks",
          "package_size": "‪20‬ kusů",
          "condition": null
        }
      ],
      "description": null
    },
    {
      "name": "Hello Ovocný sirup jablko",
      "brand": "Hello",
      "product_url": "https://wolt.com/cs/cze/prague/venue/albert-vinohradska/hello-ovocny-sirup-jablko-itemid-64ca0b7cba162577de489166",
      "image_url": "https://imageproxy.wolt.com/menu/menu-images/64ffec4406cca0140dfab831/768856aa-8eb3-11ee-a1e0-5a7762fb688d_25053777.jpg",
      "categories": [
        "NÁPOJE",
        "SIRUPY A KONCENTRÁTY"
      ],
      "prices": [
        {
          "store_name": "Albert",
          "price": null,
          "original_price": null,
          "unit_price": 57.0,
          "unit": "l",
          "package_size": "700 ml",
          "condition": "Sleva"
        }
      ],
      "description": null
    },
    {
      "name": "Mlékárna Kunín Termix MAXI s příchutí kakaa",
      "brand": "Mlékárna Kunín",
      "product_url": "https://wolt.com/cs/cze/prague/venue/albert-vinohradska/mlekarna-kunin-termix-maxi-s-prichuti-kakaa-itemid-64ca0b7cba162577de48923b",
      "image_url": "https://imageproxy.wolt.com/menu/menu-images/64ffec4406cca0140dfab831/9387856e-8ec7-11ee-8fac-6e0f65c8f049_27666111.jpg",
      "categories": [
        "MLÉČNÉ A CHLAZENÉ",
        "JOGURTY A DEZERTY"
      ],
      "prices": [
        {
          "store_name": "Albert",
          "price": 20.9,
          "original_price": null,
          "unit_price": 160.77,
          "unit": "Kg",
          "package_size": "130 g",
          "condition": null
        }
      ],
      "description": null
    },
    {
      "name": "Albert Jogurt bílý",
      "brand": "Albert",
      "product_url": "https://wolt.com/cs/cze/prague/venue/albert-vinohradska/albert-jogurt-bily-itemid-64ca0b7cba162577de48846f",
      "image_url": "https://imageproxy.wolt.com/menu/menu-images/64ffec4406cca0140dfab831/8f1ad1fa-8ebf-11ee-9407-06cf0d3d89bd_27123409.jpg",
      "categories": [
        "MLÉČNÉ A CHLAZENÉ",
        "JOGURTY A DEZERTY"
      ],
      "prices": [
        {
          "store_name": "Albert",
          "price": 7.9,
          "original_price": null,
          "unit_price": 52.67,
          "unit": "Kg",
          "package_size": "150 g",
          "condition": null
        }
      ],
      "description": null
    },
    {
      "name": "Nerds příchuť hrozno jahoda",
      "brand": "Nerds",
      "product_url": "https://wolt.com/cs/cze/prague/venue/albert-vinohradska/nerds-prichut-hrozno-jahoda-itemid-657233256818b938df9489a7",
      "image_url": "https://imageproxy.wolt.com/menu/menu-images/64ffec4406cca0140dfab831/786be290-8ec5-11ee-9163-a6924885d1bf_27546208.jpg",
      "categories": [
        "TRVANLIVÉ",
        "SLADKOSTI"
      ],
      "prices": [
        {
          "store_name": "Albert",
          "price": 59.9,
          "original_price": null,
          "unit_price": 1302.17,
          "unit": "Kg",
          "package_size": "46 g",
          "condition": null
        }
      ],
      "description": null
    },
    {
      "name": "Don Peppe Knedlíky s čokoládovou náplní",
      "brand": "Don",
      "product_url": "https://wolt.com/cs/cze/prague/venue/albert-vinohradska/don-peppe-knedliky-s-cokoladovou-naplni-itemid-6876153a0c6218e9f3e5f421",
      "image_url": "https://imageproxy.wolt.com/menu/menu-images/64b62ec5e5ab70cdc92e30f0/e9976e1c-616e-11f0-8dee-6e4864e4ce79_25564693.jpg",
      "categories": [
        "MRAŽENÉ POTRAVINY",
        "MRAŽENÁ PIZZA A HOTOVÁ JÍDLA"
      ],
      "prices": [
        {
          "store_name": "Albert",
          "price": 69.9,
          "original_price": null,
          "unit_price": 116.5,
          "unit": "Kg",
          "package_size": "600 g",
          "condition": null
        }
      ],
      "description": null
    },
    {
      "name": "Nature's Promise Bio Kukuřičné chlebíčky slané",
      "brand": "Nature's Promise",
      "product_url": "https://wolt.com/cs/cze/prague/venue/albert-vinohradska/nature-s-promise-bio-kukuricne-chlebicky-slane-itemid-66021b8ac926e7f9b31110f9",
      "image_url": "https://imageproxy.wolt.com/menu/menu-images/6601c613e48d1c8d95333085/1bb29284-eae5-11ee-99cc-26602bd55ff2_27780800.jpg",
      "categories": [
        "TRVANLIVÉ",
        "MÜSLI A CEREÁLIE"
      ],
      "prices": [
        {
          "store_name": "Albert",
          "price": 13.9,
          "original_price": null,
          "unit_price": 126.36,
          "unit": "Kg",
          "package_size": "110 g",
          "condition": "Vyprodáno"
        }
      ],
      "description": null
    },
    {
      "name": "Jemča Ovocný čaj citron se zázvorem",
      "brand": "Jemča",
      "product_url": "https://wolt.com/cs/cze/prague/venue/albert-vinohradska/jemca-ovocny-caj-citron-se-zazvorem-itemid-64ca0b7cba162577de48947b",
      "image_url": "https://imageproxy.wolt.com/menu/menu-images/63ad795db242366d1f818f36/84eb54f6-be3e-11f0-b059-5278312491c5_20302986.jpg",
      "categories": [
        "NÁPOJE",
        "KÁVA A ČAJ"
      ],
      "prices": [
        {
          "store_name": "Albert",
          "price": 28.9,
          "original_price": null,
          "unit_price": 722.5,
          "unit": "Kg",
          "package_size": "40 g",
          "condition": null
        }
      ],
      "description": null
    },
    {
      "name": "Choceňské tradiční pomazán. česnek a bylinky",
      "brand": "Choceňské",
      "product_url": "https://wolt.com/cs/cze/prague/venue/albert-vinohradska/chocenske-tradicni-pomazan-cesnek-a-bylinky-itemid-657233256818b938df947bee",
      "image_url": "https://imageproxy.wolt.com/menu/menu-images/64ffec4406cca0140dfab831/a0e9b1d8-8ead-11ee-b15d-a20c72ca170b_20973759.jpg",
      "categories": [
        "MLÉČNÉ A CHLAZENÉ",
        "MÁSLO A TUKY"
      ],
      "prices": [
        {
          "store_name": "Albert",
          "price": 43.9,
          "original_price": null,
          "unit_price": 292.67,
          "unit": "Kg",
          "package_size": "150 g",
          "condition": null
        }
      ],
      "description": null
    },
    {
      "name": "Excelent 11 prémiový ležák",
      "brand": "Excelent",
      "product_url": "https://wolt.com/cs/cze/prague/venue/albert-vinohradska/excelent-11-premiovy-lezak-itemid-64ca0b7cba162577de489954",
      "image_url": "https://imageproxy.wolt.com/menu/menu-images/64ffec4406cca0140dfab831/d8825ad2-8eb2-11ee-9e59-7217cc85b990_24893886.jpg",
      "categories": [
        "NÁPOJE",
        "PIVA"
      ],
      "prices": [
        {
          "store_name": "Albert",
          "price": 26.9,
          "original_price": null,
          "unit_price": 53.8,
          "unit": "l",
          "package_size": "500 ml, 4,7% alc",
          "condition": "18+"
        }
      ],
      "description": null
    },
    {
      "name": "Jemča Šípkový čaj bylinný",
      "brand": "Jemča",
      "product_url": "https://wolt.com/cs/cze/prague/venue/albert-vinohradska/jemca-sipkovy-caj-bylinny-itemid-64ca0b7cba162577de488821",
      "image_url": "https://imageproxy.wolt.com/menu/menu-images/63ad795db242366d1f818f36/f0a5585a-a8e9-11f0-9e27-0642014fd71d_22220479.jpg",
      "categories": [
        "NÁPOJE",
        "KÁVA A ČAJ"
      ],
      "prices": [
        {
          "store_name": "Albert",
          "price": 24.9,
          "original_price": null,
          "unit_price": 461.11,
          "unit": "Kg",
          "package_size": "54 g",
          "condition": null
        }
      ],
      "description": null
    },
    {
      "name": "Dreamies pochoutky s lososem",
      "brand": "Dreamies",
      "product_url": "https://wolt.com/cs/cze/prague/venue/albert-vinohradska/dreamies-pochoutky-s-lososem-itemid-64ca0b7cba162577de489dfb",
      "image_url": "https://imageproxy.wolt.com/menu/menu-images/6745ec28c3b7723db3588430/5d58a0f2-eb01-11f0-84ac-1223c092c342_25624090.jpg",
      "categories": [
        "ZVÍŘATA",
        "KOČKY"
      ],
      "prices": [
        {
          "store_name": "Albert",
          "price": 29.9,
          "original_price": null,
          "unit_price": 498.33,
          "unit": "Kg",
          "package_size": "60 g",
          "condition": null
        }
      ],
      "description": null
    },
    {
      "name": "Sunar ovocná kapsička malina, banán, jablko",
      "brand": "Sunar",
      "product_url": "https://wolt.com/cs/cze/prague/venue/albert-vinohradska/sunar-ovocna-kapsicka-malina-banan-jablko-itemid-64ca0b7cba162577de48a107",
      "image_url": "https://imageproxy.wolt.com/menu/menu-images/64ffec4406cca0140dfab831/46ca9c48-8ebd-11ee-a5af-fea1896da317_26933672.jpg",
      "categories": [
        "DÍTĚ",
        "VÝŽIVA"
      ],
      "prices": [
        {
          "store_name": "Albert",
          "price": null,
          "original_price": null,
          "unit_price": 207.5,
          "unit": "Kg",
          "package_size": "120 g",
          "condition": "Sleva"
        }
      ],
      "description": null
    },
    {
      "name": "World's Market Rajčatová passata",
      "brand": "World's Market",
      "product_url": "https://wolt.com/cs/cze/prague/venue/albert-vinohradska/world-s-market-rajcatova-passata-itemid-6602036aaf25c2c5f59b9f92",
      "image_url": "https://imageproxy.wolt.com/menu/menu-images/63ad795db242366d1f818f36/e535b6b4-4804-11ef-83b5-ae8649e89f65_25035483.jpg",
      "categories": [
        "TRVANLIVÉ",
        "KONZERVOVANÉ POTR."
      ],
      "prices": [
        {
          "store_name": "Albert",
          "price": 24.9,
          "original_price": null,
          "unit_price": 49.8,
          "unit": "Kg",
          "package_size": "500 g",
          "condition": null
        }
      ],
      "description": null
    },
    {
      "name": "Madeta Sýrařův výběr Gouda 48%",
      "brand": "Madeta",
      "product_url": "https://wolt.com/cs/cze/prague/venue/albert-vinohradska/madeta-syraruv-vyber-gouda-48-itemid-657233256818b938df947b15",
      "image_url": "https://imageproxy.wolt.com/menu/menu-images/64ffec4406cca0140dfab831/fcbbc4e0-8ec8-11ee-b4e4-6e582dc6e37d_27735299.jpg",
      "categories": [
        "MLÉČNÉ A CHLAZENÉ",
        "SÝRY"
      ],
      "prices": [
        {
          "store_name": "Albert",
          "price": 36.9,
          "original_price": null,
          "unit_price": 369.0,
          "unit": "Kg",
          "package_size": "100 g",
          "condition": null
        }
      ],
      "description": null
    },
    {
      "name": "Purina Dentalife Cat s lososem",
      "brand": "Purina",
      "product_url": "https://wolt.com/cs/cze/prague/venue/albert-vinohradska/purina-dentalife-cat-s-lososem-itemid-6601f4347d50fe3c40420a7c",
      "image_url": "https://imageproxy.wolt.com/menu/menu-images/6601c613e48d1c8d95333085/29f046d0-eae4-11ee-b5c8-c6ec51218b94_27435137.jpg",
      "categories": [
        "ZVÍŘATA",
        "KOČKY"
      ],
      "prices": [
        {
          "store_name": "Albert",
          "price": 29.9,
          "original_price": null,
          "unit_price": 747.5,
          "unit": "Kg",
          "package_size": "40 g",
          "condition": null
        }
      ],
      "description": null
    },
    {
      "name": "Madeta Jihočeská Niva 30%",
      "brand": "Madeta",
      "product_url": "https://wolt.com/cs/cze/prague/venue/albert-vinohradska/madeta-jihoceska-niva-30-itemid-657233256818b938df948883",
      "image_url": "https://imageproxy.wolt.com/menu/menu-images/64ffec4406cca0140dfab831/524ceab8-8ecb-11ee-8d59-fec3df9b26c1_27802939.jpg",
      "categories": [
        "MLÉČNÉ A CHLAZENÉ",
        "SÝRY"
      ],
      "prices": [
        {
          "store_name": "Albert",
          "price": 38.9,
          "original_price": null,
          "unit_price": 389.0,
          "unit": "Kg",
          "package_size": "100 g",
          "condition": null
        }
      ],
      "description": null
    },
    {
      "name": "Nature's Promise Bio Kids Tyčinky sýrové",
      "brand": "Nature's Promise",
      "product_url": "https://wolt.com/cs/cze/prague/venue/albert-vinohradska/nature-s-promise-bio-kids-tycinky-syrove-itemid-651c845504aa154a388699ad",
      "image_url": "https://imageproxy.wolt.com/menu/menu-images/64ffec4406cca0140dfab831/f4a9e49c-8eca-11ee-9d3a-e2f9e55071e5_27793268.jpg",
      "categories": [
        "MLÉČNÉ A CHLAZENÉ",
        "SÝRY"
      ],
      "prices": [
        {
          "store_name": "Albert",
          "price": null,
          "original_price": null,
          "unit_price": 311.25,
          "unit": "Kg",
          "package_size": "80 g",
          "condition": "Sleva"
        }
      ],
      "description": null
    },
    {
      "name": "Albert Šunka standardní",
      "brand": "Albert",
      "product_url": "https://wolt.com/cs/cze/prague/venue/albert-vinohradska/albert-sunka-standardni-itemid-657233256818b938df9478f6",
      "image_url": "https://imageproxy.wolt.com/menu/menu-images/64ffec4406cca0140dfab831/198665dc-8ec2-11ee-940c-1280c05750b0_27279946.jpg",
      "categories": [
        "UZENINY A LAHŮDKY",
        "ŠUNKY A SLANINY"
      ],
      "prices": [
        {
          "store_name": "Albert",
          "price": null,
          "original_price": null,
          "unit_price": 194.5,
          "unit": "Kg",
          "package_size": "200 g",
          "condition": "Sleva, Vyprodáno"
        }
      ],
      "description": null
    },
    {
      "name": "Ron Barcelo Imperial rum 38%",
      "brand": "Ron",
      "product_url": "https://wolt.com/cs/cze/prague/venue/albert-vinohradska/ron-barcelo-imperial-rum-38-itemid-64ca0b7cba162577de48a22d",
      "image_url": "https://imageproxy.wolt.com/menu/menu-images/64ffec4406cca0140dfab831/af5945b0-8ebe-11ee-8fed-0ada12279bd6_27047019.jpg",
      "categories": [
        "NÁPOJE",
        "LIHOVINY"
      ],
      "prices": [
        {
          "store_name": "Albert",
          "price": 899.0,
          "original_price": null,
          "unit_price": 1284.29,
          "unit": "l",
          "package_size": "700 ml, 38% alc",
          "condition": "18+"
        }
      ],
      "description": null
    },
    {
      "name": "Otma Gurmán Boloňská omáčka",
      "brand": "Otma",
      "product_url": "https://wolt.com/cs/cze/prague/venue/albert-vinohradska/otma-gurman-bolonska-omacka-itemid-64ca0b7cba162577de48996b",
      "image_url": "https://imageproxy.wolt.com/menu/menu-images/64ffec4406cca0140dfab831/83cbe2dc-8eae-11ee-b887-424f0985e4ef_22491749.jpg",
      "categories": [
        "TRVANLIVÉ",
        "KEČUPY A HOŘČICE"
      ],
      "prices": [
        {
          "store_name": "Albert",
          "price": 49.9,
          "original_price": null,
          "unit_price": 142.57,
          "unit": "Kg",
          "package_size": "350 g",
          "condition": null
        }
      ],
      "description": null
    },
    {
      "name": "Cappy 100% pomeranč",
      "brand": "Cappy",
      "product_url": "https://wolt.com/cs/cze/prague/venue/albert-vinohradska/cappy-100-pomeranc-itemid-64ca0b7cba162577de489051",
      "image_url": "https://imageproxy.wolt.com/menu/menu-images/63ad795db242366d1f818f36/e9023904-ed43-11ef-8bff-5e4122de2de0_25822144.jpg",
      "categories": [
        "NÁPOJE",
        "DŽUSY A NEKTARY"
      ],
      "prices": [
        {
          "store_name": "Albert",
          "price": 54.9,
          "original_price": null,
          "unit_price": 54.9,
          "unit": "l",
          "package_size": "1 l",
          "condition": null
        }
      ],
      "description": null
    },
    {
      "name": "Lucky Strike Red",
      "brand": "Lucky",
      "product_url": "https://wolt.com/cs/cze/prague/venue/albert-vinohradska/lucky-strike-red-itemid-64ca0b7cba162577de489d64",
      "image_url": "https://imageproxy.wolt.com/menu/menu-images/64ffec4406cca0140dfab831/84dcc850-8eac-11ee-8f7f-fe16b6783abc_20309787.jpg",
      "categories": [
        "DOMÁCNOST A ZAHRADA",
        "CIGARETY"
      ],
      "prices": [
        {
          "store_name": "Albert",
          "price": 168.0,
          "original_price": null,
          "unit_price": 168.0,
          "unit": "ks",
          "package_size": "‪1‬ kus",
          "condition": "18+"
        }
      ],
      "description": null
    },
    {
      "name": "Sunar kašička broskev, jablko, ovesné vločky 6m+",
      "brand": "Sunar",
      "product_url": "https://wolt.com/cs/cze/prague/venue/albert-vinohradska/sunar-kasicka-broskev-jablko-ovesne-vlocky-6m-itemid-657233256818b938df94801d",
      "image_url": "https://imageproxy.wolt.com/menu/menu-images/64ffec4406cca0140dfab831/36f9a47e-8eba-11ee-bddd-4ac825cfc539_26586939.jpg",
      "categories": [
        "DÍTĚ",
        "VÝŽIVA"
      ],
      "prices": [
        {
          "store_name": "Albert",
          "price": null,
          "original_price": null,
          "unit_price": 207.5,
          "unit": "Kg",
          "package_size": "120 g",
          "condition": "Sleva"
        }
      ],
      "description": null
    },
    {
      "name": "Dr. Oetker Barva gelová potravinářská červená",
      "brand": "Dr. Oetker",
      "product_url": "https://wolt.com/cs/cze/prague/venue/albert-vinohradska/dr-oetker-barva-gelova-potravinarska-cervena-itemid-64ca0b7cba162577de48a089",
      "image_url": "https://imageproxy.wolt.com/menu/menu-images/63ad795db242366d1f818f36/107d11fe-a8ea-11f0-bb21-364ebb6da15b_26342085.jpg",
      "categories": [
        "TRVANLIVÉ",
        "PEČENÍ A VAŘENÍ"
      ],
      "prices": [
        {
          "store_name": "Albert",
          "price": 51.9,
          "original_price": null,
          "unit_price": 5190.0,
          "unit": "Kg",
          "package_size": "10 g",
          "condition": null
        }
      ],
      "description": null
    },
    {
      "name": "O.B. ProComfort Normal tampóny",
      "brand": "O.B",
      "product_url": "https://wolt.com/cs/cze/prague/venue/albert-vinohradska/o-b-procomfort-normal-tampony-itemid-64ca0b7cba162577de489cfc",
      "image_url": "https://imageproxy.wolt.com/menu/menu-images/64ffec4406cca0140dfab831/9cbf04a2-8eb0-11ee-a101-c6aa6b123400_23897489.jpg",
      "categories": [
        "DROGERIE A KOSMETIKA",
        "DÁMSKÉ HYG. POTŘEBY"
      ],
      "prices": [
        {
          "store_name": "Albert",
          "price": 169.0,
          "original_price": null,
          "unit_price": 5.28,
          "unit": "ks",
          "package_size": "‪32‬ kusů",
          "condition": null
        }
      ],
      "description": null
    },
    {
      "name": "Bounty multipack",
      "brand": "Bounty",
      "product_url": "https://wolt.com/cs/cze/prague/venue/albert-vinohradska/bounty-multipack-itemid-6876153a0c6218e9f3e5f4b3",
      "image_url": "https://imageproxy.wolt.com/menu/menu-images/64b62ec5e5ab70cdc92e30f0/e11a6adc-616e-11f0-b45c-1688213b421f_27972359.jpg",
      "categories": [
        "MRAŽENÉ POTRAVINY",
        "ZMRZLINA A NANUKY"
      ],
      "prices": [
        {
          "store_name": "Albert",
          "price": null,
          "original_price": null,
          "unit_price": 348.5,
          "unit": "l",
          "package_size": "301 ml",
          "condition": "Sleva, Vyprodáno"
        }
      ],
      "description": null
    },
    {
      "name": "Viňa Tarapacá Reserva Carmenére",
      "brand": "Viňa",
      "product_url": "https://wolt.com/cs/cze/prague/venue/albert-vinohradska/vina-tarapaca-reserva-carmenere-itemid-64ca0b7cba162577de489f5b",
      "image_url": "https://imageproxy.wolt.com/menu/menu-images/64ffec4406cca0140dfab831/57c230d6-8eb0-11ee-b6af-3a6355b6d69b_23743328.jpg",
      "categories": [
        "NÁPOJE",
        "VÍNA"
      ],
      "prices": [
        {
          "store_name": "Albert",
          "price": 279.0,
          "original_price": null,
          "unit_price": 372.0,
          "unit": "l",
          "package_size": "750 ml, 14% alc",
          "condition": "18+"
        }
      ],
      "description": null
    },
    {
      "name": "Artesie Sirup pomeranč",
      "brand": "Artesie",
      "product_url": "https://wolt.com/cs/cze/prague/venue/albert-vinohradska/artesie-sirup-pomeranc-itemid-64ca0b7cba162577de4884f1",
      "image_url": "https://imageproxy.wolt.com/menu/menu-images/64ffec4406cca0140dfab831/7c5d7a70-8ec1-11ee-a3a6-1280c05750b0_27249581.jpg",
      "categories": [
        "NÁPOJE",
        "SIRUPY A KONCENTRÁTY"
      ],
      "prices": [
        {
          "store_name": "Albert",
          "price": 26.9,
          "original_price": null,
          "unit_price": 38.43,
          "unit": "l",
          "package_size": "700 ml",
          "condition": null
        }
      ],
      "description": null
    },
    {
      "name": "Albert prostředek na nádobí, citrón",
      "brand": "Albert",
      "product_url": "https://wolt.com/cs/cze/prague/venue/albert-vinohradska/albert-prostredek-na-nadobi-citron-itemid-64ca0b7cba162577de489230",
      "image_url": "https://imageproxy.wolt.com/menu/menu-images/64ffec4406cca0140dfab831/4a6ddcfc-8ec7-11ee-adb8-2e546726778e_27651186.jpg",
      "categories": [
        "DROGERIE A KOSMETIKA",
        "MYTÍ NÁDOBÍ"
      ],
      "prices": [
        {
          "store_name": "Albert",
          "price": 29.9,
          "original_price": null,
          "unit_price": 33.22,
          "unit": "l",
          "package_size": "900 ml",
          "condition": "Vyprodáno"
        }
      ],
      "description": null
    },
    {
      "name": "Alpro Sójový nápoj s čokoládovou příchutí",
      "brand": "Alpro",
      "product_url": "https://wolt.com/cs/cze/prague/venue/albert-vinohradska/alpro-sojovy-napoj-s-cokoladovou-prichuti-itemid-64ca0b7cba162577de488c97",
      "image_url": "https://imageproxy.wolt.com/menu/menu-images/64ffec4406cca0140dfab831/c66edf06-8eb1-11ee-b5b9-b6077702759d_24534116.jpg",
      "categories": [
        "MLÉČNÉ A CHLAZENÉ",
        "ROSTLINNÉ PRODUKTY"
      ],
      "prices": [
        {
          "store_name": "Albert",
          "price": 86.9,
          "original_price": null,
          "unit_price": 86.9,
          "unit": "l",
          "package_size": "1 l",
          "condition": null
        }
      ],
      "description": null
    },
    {
      "name": "Relax kanadská brusinka",
      "brand": "Relax",
      "product_url": "https://wolt.com/cs/cze/prague/venue/albert-vinohradska/relax-kanadska-brusinka-itemid-64ca0b7cba162577de4883a3",
      "image_url": "https://imageproxy.wolt.com/menu/menu-images/64ffec4406cca0140dfab831/d43d7eba-8eae-11ee-a1d3-faa0c7b9848f_22850102.jpg",
      "categories": [
        "NÁPOJE",
        "DŽUSY A NEKTARY"
      ],
      "prices": [
        {
          "store_name": "Albert",
          "price": 26.9,
          "original_price": null,
          "unit_price": 26.9,
          "unit": "l",
          "package_size": "1 l",
          "condition": null
        }
      ],
      "description": null
    },
    {
      "name": "Orion Granko s přírodním kakaem",
      "brand": "Orion",
      "product_url": "https://wolt.com/cs/cze/prague/venue/albert-vinohradska/orion-granko-s-prirodnim-kakaem-itemid-64ca0b7cba162577de489050",
      "image_url": "https://imageproxy.wolt.com/menu/menu-images/63ad795db242366d1f818f36/f3e89c7e-377b-11ef-b3eb-326713121de5_27622896.jpg",
      "categories": [
        "TRVANLIVÉ",
        "PEČENÍ A VAŘENÍ"
      ],
      "prices": [
        {
          "store_name": "Albert",
          "price": 174.0,
          "original_price": null,
          "unit_price": 497.14,
          "unit": "Kg",
          "package_size": "350 g",
          "condition": "Vyprodáno"
        }
      ],
      "description": null
    },
    {
      "name": "Nature's Promise Bio Multicereální chlebíčky",
      "brand": "Nature's Promise",
      "product_url": "https://wolt.com/cs/cze/prague/venue/albert-vinohradska/nature-s-promise-bio-multicerealni-chlebicky-itemid-6601e6c4f0900ae750f79065",
      "image_url": "https://imageproxy.wolt.com/menu/menu-images/6601c613e48d1c8d95333085/19010eee-eae5-11ee-8bd4-daa57e6835e8_27780794.jpg",
      "categories": [
        "PEKÁRNA A CUKRÁRNA",
        "RACIO A KNÄCKEBROT"
      ],
      "prices": [
        {
          "store_name": "Albert",
          "price": 14.9,
          "original_price": null,
          "unit_price": 149.0,
          "unit": "Kg",
          "package_size": "100 g",
          "condition": null
        }
      ],
      "description": null
    },
    {
      "name": "Birell Active Mango a citrón",
      "brand": "Birell",
      "product_url": "https://wolt.com/cs/cze/prague/venue/albert-vinohradska/birell-active-mango-a-citron-itemid-64ca0b7cba162577de48961d",
      "image_url": "https://imageproxy.wolt.com/menu/menu-images/63ad795db242366d1f818f36/4d0e3654-d671-11ee-92be-0203baeb71ee_27717448.jpg",
      "categories": [
        "NÁPOJE",
        "PIVA"
      ],
      "prices": [
        {
          "store_name": "Albert",
          "price": 24.9,
          "original_price": null,
          "unit_price": 49.8,
          "unit": "l",
          "package_size": "500 ml, 0,4% alc",
          "condition": null
        }
      ],
      "description": null
    },
    {
      "name": "Galbani Mozzarella",
      "brand": "Galbani",
      "product_url": "https://wolt.com/cs/cze/prague/venue/albert-vinohradska/galbani-mozzarella-itemid-64ca0b7cba162577de4883c7",
      "image_url": "https://imageproxy.wolt.com/menu/menu-images/63ad795db242366d1f818f36/9fe0935a-bbe4-11ef-984b-a62bdc15c3d3_21712746.jpg",
      "categories": [
        "MLÉČNÉ A CHLAZENÉ",
        "SÝRY"
      ],
      "prices": [
        {
          "store_name": "Albert",
          "price": null,
          "original_price": null,
          "unit_price": 215.2,
          "unit": "Kg",
          "package_size": "125 g",
          "condition": "Sleva"
        }
      ],
      "description": null
    },
    {
      "name": "Giana Hrušky ve sladkém nálevu",
      "brand": "Giana",
      "product_url": "https://wolt.com/cs/cze/prague/venue/albert-vinohradska/giana-hrusky-ve-sladkem-nalevu-itemid-657233256818b938df9484d2",
      "image_url": "https://imageproxy.wolt.com/menu/menu-images/63ad795db242366d1f818f36/a4507c26-5efa-11ef-a497-f2b34992637b_26849034.jpg",
      "categories": [
        "TRVANLIVÉ",
        "KONZERVOVANÉ POTR."
      ],
      "prices": [
        {
          "store_name": "Albert",
          "price": 46.9,
          "original_price": null,
          "unit_price": 203.91,
          "unit": "Kg",
          "package_size": "230 g",
          "condition": null
        }
      ],
      "description": null
    },
    {
      "name": "Love Pet Granule pro kočky s lososem",
      "brand": "Love",
      "product_url": "https://wolt.com/cs/cze/prague/venue/albert-vinohradska/love-pet-granule-pro-kocky-s-lososem-itemid-64ca0b7cba162577de488bb9",
      "image_url": "https://imageproxy.wolt.com/menu/menu-images/63ad795db242366d1f818f36/867c015a-8e26-11f0-9910-22fbadb30f7d_27423424.jpg",
      "categories": [
        "ZVÍŘATA",
        "KOČKY"
      ],
      "prices": [
        {
          "store_name": "Albert",
          "price": 99.9,
          "original_price": null,
          "unit_price": 71.36,
          "unit": "Kg",
          "package_size": "1,4 kg",
          "condition": null
        }
      ],
      "description": null
    },
    {
      "name": "Emco Mysli na zdraví Jahoda a mandle",
      "brand": "Emco",
      "product_url": "https://wolt.com/cs/cze/prague/venue/albert-vinohradska/emco-mysli-na-zdravi-jahoda-a-mandle-itemid-64ca0b7cba162577de488891",
      "image_url": "https://imageproxy.wolt.com/menu/menu-images/64ffec4406cca0140dfab831/d480003e-8eb1-11ee-9612-2a789dffa3ae_24559850.jpg",
      "categories": [
        "TRVANLIVÉ",
        "MÜSLI A CEREÁLIE"
      ],
      "prices": [
        {
          "store_name": "Albert",
          "price": 125.9,
          "original_price": null,
          "unit_price": 167.87,
          "unit": "Kg",
          "package_size": "750 g",
          "condition": null
        }
      ],
      "description": null
    },
    {
      "name": "Pickwick Earl Grey Směs s ceylonským čajem",
      "brand": "Pickwick",
      "product_url": "https://wolt.com/cs/cze/prague/venue/albert-vinohradska/pickwick-earl-grey-smes-s-ceylonskym-cajem-itemid-64ca0b7cba162577de489cbb",
      "image_url": "https://imageproxy.wolt.com/menu/menu-images/64ffec4406cca0140dfab831/29363340-8eb3-11ee-a666-2672547c66c2_24969154.jpg",
      "categories": [
        "NÁPOJE",
        "KÁVA A ČAJ"
      ],
      "prices": [
        {
          "store_name": "Albert",
          "price": 45.9,
          "original_price": null,
          "unit_price": 1311.43,
          "unit": "Kg",
          "package_size": "35 g",
          "condition": null
        }
      ],
      "description": null
    },
    {
      "name": "Albert Excellent Tapas Olivy s česnekem",
      "brand": "Albert Excellent",
      "product_url": "https://wolt.com/cs/cze/prague/venue/albert-vinohradska/albert-excellent-tapas-olivy-s-cesnekem-itemid-66022f7b2c1dc12a1d2fc0e6",
      "image_url": "https://imageproxy.wolt.com/menu/menu-images/63ad795db242366d1f818f36/ae19233a-be3e-11f0-a4bd-42d1f7954c56_27643662.jpg",
      "categories": [
        "UZENINY A LAHŮDKY",
        "TAPAS"
      ],
      "prices": [
        {
          "store_name": "Albert",
          "price": 89.0,
          "original_price": null,
          "unit_price": 342.31,
          "unit": "Kg",
          "package_size": "260 g",
          "condition": "Vyprodáno"
        }
      ],
      "description": null
    },
    {
      "name": "Ambi Pur Cotton Flower Osvěžovač vzduchu",
      "brand": "Ambi",
      "product_url": "https://wolt.com/cs/cze/prague/venue/albert-vinohradska/ambi-pur-cotton-flower-osvezovac-vzduchu-itemid-64ca0b7cba162577de488f37",
      "image_url": "https://imageproxy.wolt.com/menu/menu-images/63ad795db242366d1f818f36/0092b638-9796-11ef-8585-fab9f58800a2_27245811.jpg",
      "categories": [
        "DOMÁCNOST A ZAHRADA",
        "OSVĚŽOVAČE VZDUCHU"
      ],
      "prices": [
        {
          "store_name": "Albert",
          "price": 109.9,
          "original_price": null,
          "unit_price": 13737.5,
          "unit": "l",
          "package_size": "8 ml",
          "condition": null
        }
      ],
      "description": null
    },
    {
      "name": "Kofola Original",
      "brand": "Kofola",
      "product_url": "https://wolt.com/cs/cze/prague/venue/albert-vinohradska/kofola-original-itemid-64ca0b7cba162577de48984d",
      "image_url": "https://imageproxy.wolt.com/menu/menu-images/63ad795db242366d1f818f36/cb62c9ea-5efa-11ef-a3df-9e62ad1746a7_22440020.jpg",
      "categories": [
        "NÁPOJE",
        "LIMONÁDY"
      ],
      "prices": [
        {
          "store_name": "Albert",
          "price": 24.9,
          "original_price": null,
          "unit_price": 49.8,
          "unit": "l",
          "package_size": "500 ml",
          "condition": null
        }
      ],
      "description": null
    },
    {
      "name": "Hamé Májka s brusinkami",
      "brand": "Hamé",
      "product_url": "https://wolt.com/cs/cze/prague/venue/albert-vinohradska/hame-majka-s-brusinkami-itemid-657233256818b938df94843b",
      "image_url": "https://imageproxy.wolt.com/menu/menu-images/64ffec4406cca0140dfab831/f9e9a630-8ec6-11ee-803b-f20dec45ea3c_27636558.jpg",
      "categories": [
        "UZENINY A LAHŮDKY",
        "SALÁTY A POMAZÁNKY"
      ],
      "prices": [
        {
          "store_name": "Albert",
          "price": 62.9,
          "original_price": null,
          "unit_price": 419.33,
          "unit": "Kg",
          "package_size": "150 g",
          "condition": null
        }
      ],
      "description": null
    },
    {
      "name": "Losos Star Filety ze sleďů v oleji",
      "brand": "Losos",
      "product_url": "https://wolt.com/cs/cze/prague/venue/albert-vinohradska/losos-star-filety-ze-sledu-v-oleji-itemid-657233256818b938df948499",
      "image_url": "https://imageproxy.wolt.com/menu/menu-images/64ffec4406cca0140dfab831/2e76127e-8eb0-11ee-b7c4-c231a3feaf11_23699724.jpg",
      "categories": [
        "TRVANLIVÉ",
        "KONZERVOVANÉ POTR."
      ],
      "prices": [
        {
          "store_name": "Albert",
          "price": 47.9,
          "original_price": null,
          "unit_price": 469.61,
          "unit": "Kg",
          "package_size": "102 g",
          "condition": null
        }
      ],
      "description": null
    },
    {
      "name": "Perla Čaj zelený Sencha",
      "brand": "Perla",
      "product_url": "https://wolt.com/cs/cze/prague/venue/albert-vinohradska/perla-caj-zeleny-sencha-itemid-651c878a43f440b4b78e9897",
      "image_url": "https://imageproxy.wolt.com/menu/menu-images/64ffec4406cca0140dfab831/edbb6a34-8eca-11ee-b51c-ba4a5d1bd510_27791394.jpg",
      "categories": [
        "NÁPOJE",
        "KÁVA A ČAJ"
      ],
      "prices": [
        {
          "store_name": "Albert",
          "price": 33.9,
          "original_price": null,
          "unit_price": 1130.0,
          "unit": "Kg",
          "package_size": "30 g",
          "condition": "Vyprodáno"
        }
      ],
      "description": null
    },
    {
      "name": "Otma Gurmán Kečup jemný",
      "brand": "Otma",
      "product_url": "https://wolt.com/cs/cze/prague/venue/albert-vinohradska/otma-gurman-kecup-jemny-itemid-657233256818b938df947bf2",
      "image_url": "https://imageproxy.wolt.com/menu/menu-images/64ffec4406cca0140dfab831/68efb0a2-8ead-11ee-b05b-1aab45c8976d_20774882.jpg",
      "categories": [
        "TRVANLIVÉ",
        "KEČUPY A HOŘČICE"
      ],
      "prices": [
        {
          "store_name": "Albert",
          "price": 124.9,
          "original_price": null,
          "unit_price": 145.23,
          "unit": "Kg",
          "package_size": "860 g",
          "condition": "Vyprodáno"
        }
      ],
      "description": null
    },
    {
      "name": "Albert Paprika sladká",
      "brand": "Albert",
      "product_url": "https://wolt.com/cs/cze/prague/venue/albert-vinohradska/albert-paprika-sladka-itemid-64ca0b7cba162577de4886b9",
      "image_url": "https://imageproxy.wolt.com/menu/menu-images/64ffec4406cca0140dfab831/2dbf653c-8eb1-11ee-b878-9e446d541704_24228862.jpg",
      "categories": [
        "OVOCE A ZELENINA",
        "ZELENINA"
      ],
      "prices": [
        {
          "store_name": "Albert",
          "price": null,
          "original_price": null,
          "unit_price": 17.45,
          "unit": "ks",
          "package_size": "‪2‬ kusů",
          "condition": "Sleva"
        }
      ],
      "description": null
    },
    {
      "name": "Výrobek z mletého masa mix",
      "brand": "Výrobek",
      "product_url": "https://wolt.com/cs/cze/prague/venue/albert-vinohradska/vyrobek-z-mleteho-masa-mix-itemid-64ca0b7cba162577de48819d",
      "image_url": "https://imageproxy.wolt.com/menu/menu-images/63ad795db242366d1f818f36/19e9e4dc-7826-11f0-aa21-5ee64a7a0dc7_25535105.jpg",
      "categories": [
        "MASO A RYBY",
        "MLETÉ MASO"
      ],
      "prices": [
        {
          "store_name": "Albert",
          "price": 95.9,
          "original_price": null,
          "unit_price": 199.79,
          "unit": "Kg",
          "package_size": "480 g",
          "condition": null
        }
      ],
      "description": null
    },
    {
      "name": "Magnum Vegan Almond multipack",
      "brand": "Magnum",
      "product_url": "https://wolt.com/cs/cze/prague/venue/albert-vinohradska/magnum-vegan-almond-multipack-itemid-6876153a0c6218e9f3e5f4af",
      "image_url": "https://imageproxy.wolt.com/menu/menu-images/64b62ec5e5ab70cdc92e30f0/def0afe6-616e-11f0-81a6-52d5fb72c10c_27980378.jpg",
      "categories": [
        "MRAŽENÉ POTRAVINY",
        "ZMRZLINA A NANUKY"
      ],
      "prices": [
        {
          "store_name": "Albert",
          "price": 159.0,
          "original_price": null,
          "unit_price": 588.89,
          "unit": "l",
          "package_size": "270 ml",
          "condition": null
        }
      ],
      "description": null
    },
    {
      "name": "Gillette Blue2 Plus pánská pohotová holítka",
      "brand": "Gillette",
      "product_url": "https://wolt.com/cs/cze/prague/venue/albert-vinohradska/gillette-blue2-plus-panska-pohotova-holitka-itemid-64ca0b7cba162577de48a269",
      "image_url": "https://imageproxy.wolt.com/menu/menu-images/64ffec4406cca0140dfab831/7709120a-8eb7-11ee-a50b-96ff514b0205_25934342.jpg",
      "categories": [
        "DROGERIE A KOSMETIKA",
        "HOLENÍ A DEPILACE"
      ],
      "prices": [
        {
          "store_name": "Albert",
          "price": 285.0,
          "original_price": null,
          "unit_price": 20.36,
          "unit": "ks",
          "package_size": "‪14‬ kusů",
          "condition": null
        }
      ],
      "description": null
    },
    {
      "name": "Albert Tradiční pomazánkové Natural",
      "brand": "Albert",
      "product_url": "https://wolt.com/cs/cze/prague/venue/albert-vinohradska/albert-tradicni-pomazankove-natural-itemid-64ca0b7cba162577de48920c",
      "image_url": "https://imageproxy.wolt.com/menu/menu-images/64ffec4406cca0140dfab831/0db5195a-8ec8-11ee-a303-9a1f6ae41663_27698914.jpg",
      "categories": [
        "MLÉČNÉ A CHLAZENÉ",
        "MÁSLO A TUKY"
      ],
      "prices": [
        {
          "store_name": "Albert",
          "price": 23.9,
          "original_price": null,
          "unit_price": 159.33,
          "unit": "Kg",
          "package_size": "150 g",
          "condition": null
        }
      ],
      "description": null
    },
    {
      "name": "Papriky mini sladké",
      "brand": "Papriky",
      "product_url": "https://wolt.com/cs/cze/prague/venue/albert-vinohradska/papriky-mini-sladke-itemid-64ca0b7cba162577de48879d",
      "image_url": "https://imageproxy.wolt.com/menu/menu-images/64ffec4406cca0140dfab831/aef926f2-8eb0-11ee-8f81-3a1814765055_23930742.jpg",
      "categories": [
        "OVOCE A ZELENINA",
        "ZELENINA"
      ],
      "prices": [
        {
          "store_name": "Albert",
          "price": 29.9,
          "original_price": null,
          "unit_price": 199.33,
          "unit": "Kg",
          "package_size": "150 g",
          "condition": null
        }
      ],
      "description": null
    },
    {
      "name": "Albert Jogurt nugát",
      "brand": "Albert",
      "product_url": "https://wolt.com/cs/cze/prague/venue/albert-vinohradska/albert-jogurt-nugat-itemid-64ca0b7cba162577de488479",
      "image_url": "https://imageproxy.wolt.com/menu/menu-images/64ffec4406cca0140dfab831/46db89a6-8eb6-11ee-8fe6-02d10f7fce64_25734430.jpg",
      "categories": [
        "MLÉČNÉ A CHLAZENÉ",
        "JOGURTY A DEZERTY"
      ],
      "prices": [
        {
          "store_name": "Albert",
          "price": 11.9,
          "original_price": null,
          "unit_price": 79.33,
          "unit": "Kg",
          "package_size": "150 g",
          "condition": null
        }
      ],
      "description": null
    },
    {
      "name": "Hellmann's Tatarská omáčka",
      "brand": "Hellmann's",
      "product_url": "https://wolt.com/cs/cze/prague/venue/albert-vinohradska/hellmann-s-tatarska-omacka-itemid-64ca0b7cba162577de48968c",
      "image_url": "https://imageproxy.wolt.com/menu/menu-images/64ffec4406cca0140dfab831/844983fc-8ec4-11ee-868e-aafe14bdbae5_27477618.jpg",
      "categories": [
        "MLÉČNÉ A CHLAZENÉ",
        "MAJONÉZY A TATARKY"
      ],
      "prices": [
        {
          "store_name": "Albert",
          "price": 49.9,
          "original_price": null,
          "unit_price": 237.62,
          "unit": "l",
          "package_size": "210 ml",
          "condition": null
        }
      ],
      "description": null
    },
    {
      "name": "Pfanner 100% jablko",
      "brand": "Pfanner",
      "product_url": "https://wolt.com/cs/cze/prague/venue/albert-vinohradska/pfanner-100-jablko-itemid-64ca0b7cba162577de489989",
      "image_url": "https://imageproxy.wolt.com/menu/menu-images/63ad795db242366d1f818f36/eacb62c0-7825-11f0-99dd-9a86f4d6569e_22806475.jpg",
      "categories": [
        "NÁPOJE",
        "DŽUSY A NEKTARY"
      ],
      "prices": [
        {
          "store_name": "Albert",
          "price": 39.9,
          "original_price": null,
          "unit_price": 39.9,
          "unit": "l",
          "package_size": "1 l",
          "condition": null
        }
      ],
      "description": null
    },
    {
      "name": "Müllermilch Protein Mléčný nápoj (mix)",
      "brand": "Müllermilch",
      "product_url": "https://wolt.com/cs/cze/prague/venue/albert-vinohradska/mullermilch-protein-mlecny-napoj-mix-itemid-657233256818b938df948761",
      "image_url": "https://imageproxy.wolt.com/menu/menu-images/63ad795db242366d1f818f36/44e79dea-bbe4-11ef-b8e9-dee4180eae6c_26980362.jpg",
      "categories": [
        "MLÉČNÉ A CHLAZENÉ",
        "MLÉČNÉ NÁPOJE"
      ],
      "prices": [
        {
          "store_name": "Albert",
          "price": null,
          "original_price": null,
          "unit_price": 79.52,
          "unit": "l",
          "package_size": "376 ml",
          "condition": "Sleva, Vyprodáno"
        }
      ],
      "description": null
    },
    {
      "name": "Zlatopramen Radler 0 % grapefruit a rozmarýn",
      "brand": "Zlatopramen",
      "product_url": "https://wolt.com/cs/cze/prague/venue/albert-vinohradska/zlatopramen-radler-0-grapefruit-a-rozmaryn-itemid-64ca0b7cba162577de4894fb",
      "image_url": "https://imageproxy.wolt.com/menu/menu-images/64ffec4406cca0140dfab831/7d4392e6-8ebf-11ee-b6d8-0ece4ee3fc04_27122174.jpg",
      "categories": [
        "NÁPOJE",
        "PIVA"
      ],
      "prices": [
        {
          "store_name": "Albert",
          "price": 19.9,
          "original_price": null,
          "unit_price": 39.8,
          "unit": "l",
          "package_size": "500 ml",
          "condition": null
        }
      ],
      "description": null
    },
    {
      "name": "Alpro Sójový výrobek ke šlehání",
      "brand": "Alpro",
      "product_url": "https://wolt.com/cs/cze/prague/venue/albert-vinohradska/alpro-sojovy-vyrobek-ke-slehani-itemid-657233256818b938df948bad",
      "image_url": "https://imageproxy.wolt.com/menu/menu-images/63ad795db242366d1f818f36/3188781e-ed44-11ef-81d2-8eee154acdb0_27557730.jpg",
      "categories": [
        "MLÉČNÉ A CHLAZENÉ",
        "ROSTLINNÉ PRODUKTY"
      ],
      "prices": [
        {
          "store_name": "Albert",
          "price": 67.9,
          "original_price": null,
          "unit_price": 271.6,
          "unit": "l",
          "package_size": "250 ml",
          "condition": null
        }
      ],
      "description": null
    },
    {
      "name": "Nature's Promise Seitan speciál",
      "brand": "Nature's Promise",
      "product_url": "https://wolt.com/cs/cze/prague/venue/albert-vinohradska/nature-s-promise-seitan-special-itemid-64ca0b7cba162577de4898c5",
      "image_url": "https://imageproxy.wolt.com/menu/menu-images/64ffec4406cca0140dfab831/2da736e6-8ec1-11ee-bcfb-8a641e6c096e_27220009.jpg",
      "categories": [
        "MLÉČNÉ A CHLAZENÉ",
        "ROSTLINNÉ PRODUKTY"
      ],
      "prices": [
        {
          "store_name": "Albert",
          "price": 34.02,
          "original_price": null,
          "unit_price": null,
          "unit": null,
          "package_size": null,
          "condition": "Vyprodáno"
        }
      ],
      "description": null
    },
    {
      "name": "Lovepet Kapsa pro psy s hovězím a krůtím masem",
      "brand": "Lovepet",
      "product_url": "https://wolt.com/cs/cze/prague/venue/albert-vinohradska/lovepet-kapsa-pro-psy-s-hovezim-a-krutim-masem-itemid-64ca0b7cba162577de488927",
      "image_url": "https://imageproxy.wolt.com/menu/menu-images/64ffec4406cca0140dfab831/0cd0a66c-8eb9-11ee-b427-76d18bdc0849_26362465.jpg",
      "categories": [
        "ZVÍŘATA",
        "PSI"
      ],
      "prices": [
        {
          "store_name": "Albert",
          "price": 94.9,
          "original_price": null,
          "unit_price": 79.08,
          "unit": "Kg",
          "package_size": "1,2 kg",
          "condition": "Vyprodáno"
        }
      ],
      "description": null
    },
    {
      "name": "Orbit Refresher jahoda citron žvýkačky",
      "brand": "Orbit",
      "product_url": "https://wolt.com/cs/cze/prague/venue/albert-vinohradska/orbit-refresher-jahoda-citron-zvykacky-itemid-660224f86a3960f50d3a9dd3",
      "image_url": "https://imageproxy.wolt.com/menu/menu-images/6601c613e48d1c8d95333085/bd098ec6-eae5-11ee-8883-86ed91a9399a_27866443.jpg",
      "categories": [
        "TRVANLIVÉ",
        "SLADKOSTI"
      ],
      "prices": [
        {
          "store_name": "Albert",
          "price": 84.9,
          "original_price": null,
          "unit_price": 1267.16,
          "unit": "Kg",
          "package_size": "67 g",
          "condition": null
        }
      ],
      "description": null
    },
    {
      "name": "Magnum Classic",
      "brand": "Magnum",
      "product_url": "https://wolt.com/cs/cze/prague/venue/albert-vinohradska/magnum-classic-itemid-6876153a0c6218e9f3e5f43d",
      "image_url": "https://imageproxy.wolt.com/menu/menu-images/64b62ec5e5ab70cdc92e30f0/0281ec2c-616f-11f0-9355-26640337959e_26876382.jpg",
      "categories": [
        "MRAŽENÉ POTRAVINY",
        "ZMRZLINA A NANUKY"
      ],
      "prices": [
        {
          "store_name": "Albert",
          "price": 109.9,
          "original_price": null,
          "unit_price": 249.77,
          "unit": "l",
          "package_size": "440 ml",
          "condition": "Vyprodáno"
        }
      ],
      "description": null
    },
    {
      "name": "Albert Excellent Tapas Ančovičky a olivy špízy",
      "brand": "Albert Excellent",
      "product_url": "https://wolt.com/cs/cze/prague/venue/albert-vinohradska/albert-excellent-tapas-ancovicky-a-olivy-spizy-itemid-6602227282894fe6789e9af7",
      "image_url": "https://imageproxy.wolt.com/menu/menu-images/63ad795db242366d1f818f36/8de5a5fe-8e26-11f0-acb7-22fbadb30f7d_27596838.jpg",
      "categories": [
        "UZENINY A LAHŮDKY",
        "TAPAS"
      ],
      "prices": [
        {
          "store_name": "Albert",
          "price": 89.0,
          "original_price": null,
          "unit_price": 809.09,
          "unit": "Kg",
          "package_size": "110 g",
          "condition": null
        }
      ],
      "description": null
    },
    {
      "name": "Nivea Men univerzální krém pro muže",
      "brand": "Nivea",
      "product_url": "https://wolt.com/cs/cze/prague/venue/albert-vinohradska/nivea-men-univerzalni-krem-pro-muze-itemid-64ca0b7cba162577de489fb5",
      "image_url": "https://imageproxy.wolt.com/menu/menu-images/64ffec4406cca0140dfab831/06f3b0fe-8eb9-11ee-a1d3-2e13ed999a8b_26356235.jpg",
      "categories": [
        "DROGERIE A KOSMETIKA",
        "PÉČE O PLEŤ"
      ],
      "prices": [
        {
          "store_name": "Albert",
          "price": 169.0,
          "original_price": null,
          "unit_price": 1126.67,
          "unit": "l",
          "package_size": "150 ml",
          "condition": null
        }
      ],
      "description": null
    },
    {
      "name": "Albert České buchty makové",
      "brand": "Albert",
      "product_url": "https://wolt.com/cs/cze/prague/venue/albert-vinohradska/albert-ceske-buchty-makove-itemid-64ca0b7cba162577de488743",
      "image_url": "https://imageproxy.wolt.com/menu/menu-images/64ffec4406cca0140dfab831/6547935e-8eba-11ee-bb7f-2a867062f6f7_26626192.jpg",
      "categories": [
        "PEKÁRNA A CUKRÁRNA",
        "SLADKÉ PEČIVO BALENÉ"
      ],
      "prices": [
        {
          "store_name": "Albert",
          "price": 44.9,
          "original_price": null,
          "unit_price": 124.72,
          "unit": "Kg",
          "package_size": "360 g",
          "condition": null
        }
      ],
      "description": null
    },
    {
      "name": "Pearl River Bridge Wasabi pasta Miyata",
      "brand": "Pearl River Bridge",
      "product_url": "https://wolt.com/cs/cze/prague/venue/albert-vinohradska/pearl-river-bridge-wasabi-pasta-miyata-itemid-64ca0b7cba162577de48a2de",
      "image_url": "https://imageproxy.wolt.com/menu/menu-images/64ffec4406cca0140dfab831/577f9e1a-8ebf-11ee-b94e-9ec5d8563a7d_27110546.jpg",
      "categories": [
        "TRVANLIVÉ",
        "MEZINÁRODNÍ KUCHYNĚ"
      ],
      "prices": [
        {
          "store_name": "Albert",
          "price": 39.9,
          "original_price": null,
          "unit_price": 927.91,
          "unit": "Kg",
          "package_size": "43 g",
          "condition": "Vyprodáno"
        }
      ],
      "description": null
    },
    {
      "name": "Albert Pizza 4formaggi",
      "brand": "Albert",
      "product_url": "https://wolt.com/cs/cze/prague/venue/albert-vinohradska/albert-pizza-4formaggi-itemid-6876153a0c6218e9f3e5f40a",
      "image_url": "https://imageproxy.wolt.com/menu/menu-images/64b62ec5e5ab70cdc92e30f0/e552abdc-616e-11f0-8613-62e76ff7826c_24422444.jpg",
      "categories": [
        "MRAŽENÉ POTRAVINY",
        "MRAŽENÁ PIZZA A HOTOVÁ JÍDLA"
      ],
      "prices": [
        {
          "store_name": "Albert",
          "price": 52.9,
          "original_price": null,
          "unit_price": 170.65,
          "unit": "Kg",
          "package_size": "310 g",
          "condition": null
        }
      ],
      "description": null
    },
    {
      "name": "Apetito smetanové",
      "brand": "Apetito",
      "product_url": "https://wolt.com/cs/cze/prague/venue/albert-vinohradska/apetito-smetanove-itemid-64ca0b7cba162577de4895f9",
      "image_url": "https://imageproxy.wolt.com/menu/menu-images/63ad795db242366d1f818f36/29cf6e7c-25b4-11f0-ac8f-06a9180ea8de_24272568.jpg",
      "categories": [
        "MLÉČNÉ A CHLAZENÉ",
        "SÝRY"
      ],
      "prices": [
        {
          "store_name": "Albert",
          "price": 49.9,
          "original_price": null,
          "unit_price": 332.67,
          "unit": "Kg",
          "package_size": "150 g",
          "condition": null
        }
      ],
      "description": null
    },
    {
      "name": "Nature's Promise Kimchi klasik pálivé",
      "brand": "Nature's Promise",
      "product_url": "https://wolt.com/cs/cze/prague/venue/albert-vinohradska/nature-s-promise-kimchi-klasik-palive-itemid-657233256818b938df948a60",
      "image_url": "https://imageproxy.wolt.com/menu/menu-images/64ffec4406cca0140dfab831/f4f28f74-8ec7-11ee-b406-5e8c96b8dcdd_27692646.jpg",
      "categories": [
        "UZENINY A LAHŮDKY",
        "LAHŮDKY"
      ],
      "prices": [
        {
          "store_name": "Albert",
          "price": null,
          "original_price": null,
          "unit_price": 285.43,
          "unit": "Kg",
          "package_size": "350 g",
          "condition": "Sleva"
        }
      ],
      "description": null
    },
    {
      "name": "Donut s polevou, jahodová příchuť",
      "brand": "Donut",
      "product_url": "https://wolt.com/cs/cze/prague/venue/albert-vinohradska/donut-s-polevou-jahodova-prichut-itemid-64ca0b7cba162577de489168",
      "image_url": "https://imageproxy.wolt.com/menu/menu-images/64ffec4406cca0140dfab831/dcbf7df4-8eb3-11ee-8a66-2a867062f6f7_25161878.jpg",
      "categories": [
        "PEKÁRNA A CUKRÁRNA",
        "SLADKÉ PEČIVO VOLNÉ"
      ],
      "prices": [
        {
          "store_name": "Albert",
          "price": null,
          "original_price": null,
          "unit_price": 190.91,
          "unit": "Kg",
          "package_size": "55 g",
          "condition": "Sleva"
        }
      ],
      "description": null
    },
    {
      "name": "Albert Kapsa pro kočky Mix drůbeží, hovězí, ryba",
      "brand": "Albert",
      "product_url": "https://wolt.com/cs/cze/prague/venue/albert-vinohradska/albert-kapsa-pro-kocky-mix-drubezi-hovezi-ryba-itemid-64ca0b7cba162577de48a0ff",
      "image_url": "https://imageproxy.wolt.com/menu/menu-images/63ad795db242366d1f818f36/ce936876-7827-11f0-a485-8ae646140c72_27070772.jpg",
      "categories": [
        "ZVÍŘATA",
        "KOČKY"
      ],
      "prices": [
        {
          "store_name": "Albert",
          "price": 116.9,
          "original_price": null,
          "unit_price": 97.42,
          "unit": "Kg",
          "package_size": "1,2 kg",
          "condition": null
        }
      ],
      "description": null
    },
    {
      "name": "Kinder Mléčný řez",
      "brand": "Kinder",
      "product_url": "https://wolt.com/cs/cze/prague/venue/albert-vinohradska/kinder-mlecny-rez-itemid-64ca0b7cba162577de4880e5",
      "image_url": "https://imageproxy.wolt.com/menu/menu-images/63ad795db242366d1f818f36/ad5615f6-ed43-11ef-95ae-5a91ca063e38_20393113.jpg",
      "categories": [
        "MLÉČNÉ A CHLAZENÉ",
        "JOGURTY A DEZERTY"
      ],
      "prices": [
        {
          "store_name": "Albert",
          "price": null,
          "original_price": null,
          "unit_price": 496.43,
          "unit": "Kg",
          "package_size": "28 g",
          "condition": "Sleva"
        }
      ],
      "description": null
    },
    {
      "name": "Babiččina volba Mouka hladká pšeničná",
      "brand": "Babiččina",
      "product_url": "https://wolt.com/cs/cze/prague/venue/albert-vinohradska/babiccina-volba-mouka-hladka-psenicna-itemid-64ca0b7cba162577de489567",
      "image_url": "https://imageproxy.wolt.com/menu/menu-images/63ad795db242366d1f818f36/2f65ac38-7826-11f0-91de-da3a033145f9_26050683.jpg",
      "categories": [
        "TRVANLIVÉ",
        "PEČENÍ A VAŘENÍ"
      ],
      "prices": [
        {
          "store_name": "Albert",
          "price": 19.9,
          "original_price": null,
          "unit_price": 19.9,
          "unit": "Kg",
          "package_size": "1 kg",
          "condition": null
        }
      ],
      "description": null
    },
    {
      "name": "Sensodyne Repair&Protect Whitening zubní pasta",
      "brand": "Sensodyne",
      "product_url": "https://wolt.com/cs/cze/prague/venue/albert-vinohradska/sensodyne-repair-protect-whitening-zubni-pasta-itemid-64ca0b7cba162577de489cf5",
      "image_url": "https://imageproxy.wolt.com/menu/menu-images/63ad795db242366d1f818f36/6f154900-c3f1-11ee-b7b2-a66c796b3dff_25658118.jpg",
      "categories": [
        "DROGERIE A KOSMETIKA",
        "ÚSTNÍ HYGIENA"
      ],
      "prices": [
        {
          "store_name": "Albert",
          "price": 129.9,
          "original_price": null,
          "unit_price": 1732.0,
          "unit": "l",
          "package_size": "75 ml",
          "condition": null
        }
      ],
      "description": null
    },
    {
      "name": "Lovepet Konzerva rybí v omáčce pro kočky",
      "brand": "Lovepet",
      "product_url": "https://wolt.com/cs/cze/prague/venue/albert-vinohradska/lovepet-konzerva-rybi-v-omacce-pro-kocky-itemid-64ca0b7cba162577de48914d",
      "image_url": "https://imageproxy.wolt.com/menu/menu-images/64ffec4406cca0140dfab831/c01671f0-8eb6-11ee-8acf-ca3c3355ab39_25825862.jpg",
      "categories": [
        "ZVÍŘATA",
        "KOČKY"
      ],
      "prices": [
        {
          "store_name": "Albert",
          "price": 16.9,
          "original_price": null,
          "unit_price": 40.72,
          "unit": "Kg",
          "package_size": "415 g",
          "condition": null
        }
      ],
      "description": null
    },
    {
      "name": "Coca-Cola Zero",
      "brand": "Coca-Cola",
      "product_url": "https://wolt.com/cs/cze/prague/venue/albert-vinohradska/coca-cola-zero-itemid-657233256818b938df948a97",
      "image_url": "https://imageproxy.wolt.com/menu/menu-images/63ad795db242366d1f818f36/d1c47c5c-ed43-11ef-8127-92442b4649be_24598118.jpg",
      "categories": [
        "NÁPOJE",
        "LIMONÁDY"
      ],
      "prices": [
        {
          "store_name": "Albert",
          "price": 34.9,
          "original_price": null,
          "unit_price": 34.9,
          "unit": "l",
          "package_size": "1 l",
          "condition": null
        }
      ],
      "description": null
    },
    {
      "name": "Vitana Kurkuma mletá",
      "brand": "Vitana",
      "product_url": "https://wolt.com/cs/cze/prague/venue/albert-vinohradska/vitana-kurkuma-mleta-itemid-64ca0b7cba162577de489520",
      "image_url": "https://imageproxy.wolt.com/menu/menu-images/64ffec4406cca0140dfab831/b9fa2616-8ebd-11ee-ab1c-a2650c40792b_26962610.jpg",
      "categories": [
        "TRVANLIVÉ",
        "KOŘENÍ A OCHUCOVADLA"
      ],
      "prices": [
        {
          "store_name": "Albert",
          "price": 20.9,
          "original_price": null,
          "unit_price": 746.43,
          "unit": "Kg",
          "package_size": "28 g",
          "condition": null
        }
      ],
      "description": null
    },
    {
      "name": "Olma Florian smetanový jogurt Choco Balls",
      "brand": "Olma",
      "product_url": "https://wolt.com/cs/cze/prague/venue/albert-vinohradska/olma-florian-smetanovy-jogurt-choco-balls-itemid-64ca0b7cba162577de48830d",
      "image_url": "https://imageproxy.wolt.com/menu/menu-images/64ffec4406cca0140dfab831/2dc08a0c-8eb1-11ee-bc48-8e50ebf9f3ec_24238380.jpg",
      "categories": [
        "MLÉČNÉ A CHLAZENÉ",
        "JOGURTY A DEZERTY"
      ],
      "prices": [
        {
          "store_name": "Albert",
          "price": null,
          "original_price": null,
          "unit_price": 66.0,
          "unit": "Kg",
          "package_size": "150 g",
          "condition": "Sleva"
        }
      ],
      "description": null
    },
    {
      "name": "Albert Tatarská omáčka",
      "brand": "Albert",
      "product_url": "https://wolt.com/cs/cze/prague/venue/albert-vinohradska/albert-tatarska-omacka-itemid-64ca0b7cba162577de48838d",
      "image_url": "https://imageproxy.wolt.com/menu/menu-images/64ffec4406cca0140dfab831/ab121afe-8eb9-11ee-9be7-2672547c66c2_26471723.jpg",
      "categories": [
        "MLÉČNÉ A CHLAZENÉ",
        "MAJONÉZY A TATARKY"
      ],
      "prices": [
        {
          "store_name": "Albert",
          "price": 49.9,
          "original_price": null,
          "unit_price": 124.75,
          "unit": "l",
          "package_size": "400 ml",
          "condition": null
        }
      ],
      "description": null
    },
    {
      "name": "Emma Cereální polstářky s příchutí vanilky",
      "brand": "Emma",
      "product_url": "https://wolt.com/cs/cze/prague/venue/albert-vinohradska/emma-cerealni-polstarky-s-prichuti-vanilky-itemid-64ca0b7cba162577de488a9f",
      "image_url": "https://imageproxy.wolt.com/menu/menu-images/63ad795db242366d1f818f36/7bd91ddc-998b-11ee-b575-3a13c0faf37c_25739954.jpg",
      "categories": [
        "TRVANLIVÉ",
        "MÜSLI A CEREÁLIE"
      ],
      "prices": [
        {
          "store_name": "Albert",
          "price": 43.9,
          "original_price": null,
          "unit_price": 117.07,
          "unit": "Kg",
          "package_size": "375 g",
          "condition": null
        }
      ],
      "description": null
    },
    {
      "name": "Calvo Kalifornský tuňákový salát",
      "brand": "Calvo",
      "product_url": "https://wolt.com/cs/cze/prague/venue/albert-vinohradska/calvo-kalifornsky-tunakovy-salat-itemid-66022e324d26d7aada3142b9",
      "image_url": "https://imageproxy.wolt.com/menu/menu-images/6601c613e48d1c8d95333085/48b08cb2-eae2-11ee-b4c9-b61162878c08_22926227.jpg",
      "categories": [
        "TRVANLIVÉ",
        "KONZERVOVANÉ POTR."
      ],
      "prices": [
        {
          "store_name": "Albert",
          "price": 69.9,
          "original_price": null,
          "unit_price": 466.0,
          "unit": "Kg",
          "package_size": "150 g",
          "condition": null
        }
      ],
      "description": null
    },
    {
      "name": "HB Classic Blend 100",
      "brand": "HB",
      "product_url": "https://wolt.com/cs/cze/prague/venue/albert-vinohradska/hb-classic-blend-100-itemid-64ca0b7cba162577de488789",
      "image_url": "https://imageproxy.wolt.com/menu/menu-images/64ffec4406cca0140dfab831/e1e8bfa2-8eb8-11ee-818e-224a9e8cb6c6_26316154.jpg",
      "categories": [
        "DOMÁCNOST A ZAHRADA",
        "CIGARETY"
      ],
      "prices": [
        {
          "store_name": "Albert",
          "price": 156.0,
          "original_price": null,
          "unit_price": 156.0,
          "unit": "ks",
          "package_size": "‪1‬ kus",
          "condition": "18+"
        }
      ],
      "description": null
    },
    {
      "name": "BASK Bramborové knedlíky v prášku",
      "brand": "BASK",
      "product_url": "https://wolt.com/cs/cze/prague/venue/albert-vinohradska/bask-bramborove-knedliky-v-prasku-itemid-64ca0b7cba162577de489dea",
      "image_url": "https://imageproxy.wolt.com/menu/menu-images/64ffec4406cca0140dfab831/af87ff24-8eb2-11ee-a30b-fe2992cf6bd0_24852395.jpg",
      "categories": [
        "TRVANLIVÉ",
        "PEČENÍ A VAŘENÍ"
      ],
      "prices": [
        {
          "store_name": "Albert",
          "price": 53.9,
          "original_price": null,
          "unit_price": 134.75,
          "unit": "Kg",
          "package_size": "400 g",
          "condition": null
        }
      ],
      "description": null
    },
    {
      "name": "Albert Polévka slepičí instantní rodinná",
      "brand": "Albert",
      "product_url": "https://wolt.com/cs/cze/prague/venue/albert-vinohradska/albert-polevka-slepici-instantni-rodinna-itemid-657233256818b938df947833",
      "image_url": "https://imageproxy.wolt.com/menu/menu-images/63ad795db242366d1f818f36/78d0ffd2-66af-11ef-85a0-1eb51599cb26_27305737.jpg",
      "categories": [
        "TRVANLIVÉ",
        "INSTANTNÍ POKRMY"
      ],
      "prices": [
        {
          "store_name": "Albert",
          "price": 13.9,
          "original_price": null,
          "unit_price": 210.61,
          "unit": "Kg",
          "package_size": "66 g",
          "condition": null
        }
      ],
      "description": null
    },
    {
      "name": "Nature's promise Bio Mouka rýžová bez lepku",
      "brand": "Nature's Promise",
      "product_url": "https://wolt.com/cs/cze/prague/venue/albert-vinohradska/nature-s-promise-bio-mouka-ryzova-bez-lepku-itemid-6601eb7ba51566a88b0ab58e",
      "image_url": "https://imageproxy.wolt.com/menu/menu-images/6601c613e48d1c8d95333085/071efccc-eae5-11ee-bca9-767946bf8e19_27758724.jpg",
      "categories": [
        "TRVANLIVÉ",
        "PEČENÍ A VAŘENÍ"
      ],
      "prices": [
        {
          "store_name": "Albert",
          "price": null,
          "original_price": null,
          "unit_price": 79.8,
          "unit": "Kg",
          "package_size": "500 g",
          "condition": "Sleva"
        }
      ],
      "description": null
    },
    {
      "name": "Vitana Grilovací koření speciál bez soli",
      "brand": "Vitana",
      "product_url": "https://wolt.com/cs/cze/prague/venue/albert-vinohradska/vitana-grilovaci-koreni-special-bez-soli-itemid-64ca0b7cba162577de489597",
      "image_url": "https://imageproxy.wolt.com/menu/menu-images/64ffec4406cca0140dfab831/bea846e6-8eba-11ee-9fbf-ca3c3355ab39_26684642.jpg",
      "categories": [
        "TRVANLIVÉ",
        "KOŘENÍ A OCHUCOVADLA"
      ],
      "prices": [
        {
          "store_name": "Albert",
          "price": 15.9,
          "original_price": null,
          "unit_price": 883.33,
          "unit": "Kg",
          "package_size": "18 g",
          "condition": null
        }
      ],
      "description": null
    },
    {
      "name": "Česká chuť Pomazánka vajíčková",
      "brand": "Česká chuť",
      "product_url": "https://wolt.com/cs/cze/prague/venue/albert-vinohradska/ceska-chut-pomazanka-vajickova-itemid-64ca0b7cba162577de48808d",
      "image_url": "https://imageproxy.wolt.com/menu/menu-images/64ffec4406cca0140dfab831/4c6f29a8-8ebc-11ee-848b-be2d1bdd5ebf_26831008.jpg",
      "categories": [
        "UZENINY A LAHŮDKY",
        "SALÁTY A POMAZÁNKY"
      ],
      "prices": [
        {
          "store_name": "Albert",
          "price": null,
          "original_price": null,
          "unit_price": 172.0,
          "unit": "Kg",
          "package_size": "150 g",
          "condition": "Sleva"
        }
      ],
      "description": null
    },
    {
      "name": "Babiččina volba Mouka polohrubá pšeničná",
      "brand": "Babiččina",
      "product_url": "https://wolt.com/cs/cze/prague/venue/albert-vinohradska/babiccina-volba-mouka-polohruba-psenicna-itemid-64ca0b7cba162577de489658",
      "image_url": "https://imageproxy.wolt.com/menu/menu-images/64ffec4406cca0140dfab831/5c65e0d6-8eb7-11ee-bba7-1e9e4c6f0bda_25927061.jpg",
      "categories": [
        "TRVANLIVÉ",
        "PEČENÍ A VAŘENÍ"
      ],
      "prices": [
        {
          "store_name": "Albert",
          "price": 19.9,
          "original_price": null,
          "unit_price": 19.9,
          "unit": "Kg",
          "package_size": "1 kg",
          "condition": null
        }
      ],
      "description": null
    },
    {
      "name": "Kitbis Špalek sójový klasik",
      "brand": "Kitbis",
      "product_url": "https://wolt.com/cs/cze/prague/venue/albert-vinohradska/kitbis-spalek-sojovy-klasik-itemid-64ca0b7cba162577de4884bf",
      "image_url": "https://imageproxy.wolt.com/menu/menu-images/64ffec4406cca0140dfab831/293647b8-8eb3-11ee-be82-1e9e4c6f0bda_24966603.jpg",
      "categories": [
        "TRVANLIVÉ",
        "SLADKOSTI"
      ],
      "prices": [
        {
          "store_name": "Albert",
          "price": null,
          "original_price": null,
          "unit_price": 118.0,
          "unit": "Kg",
          "package_size": "50 g",
          "condition": "Sleva"
        }
      ],
      "description": null
    },
    {
      "name": "Marlboro Red RS 70 FWD",
      "brand": "Marlboro",
      "product_url": "https://wolt.com/cs/cze/prague/venue/albert-vinohradska/marlboro-red-rs-70-fwd-itemid-64ca0b7cba162577de48a23c",
      "image_url": "https://imageproxy.wolt.com/menu/menu-images/64ffec4406cca0140dfab831/c5b9f884-8eb6-11ee-a227-0208801a60c2_25838794.jpg",
      "categories": [
        "DOMÁCNOST A ZAHRADA",
        "CIGARETY"
      ],
      "prices": [
        {
          "store_name": "Albert",
          "price": 159.0,
          "original_price": null,
          "unit_price": 159.0,
          "unit": "ks",
          "package_size": "‪1‬ kus",
          "condition": "18+, Vyprodáno"
        }
      ],
      "description": null
    },
    {
      "name": "Tullamore Dew Irská Whiskey 40%",
      "brand": "Tullamore",
      "product_url": "https://wolt.com/cs/cze/prague/venue/albert-vinohradska/tullamore-dew-irska-whiskey-40-itemid-64ca0b7cba162577de4888f3",
      "image_url": "https://imageproxy.wolt.com/menu/menu-images/63ad795db242366d1f818f36/0be25aac-d671-11ee-ba0f-f69d49f3102c_21665011.jpg",
      "categories": [
        "NÁPOJE",
        "LIHOVINY"
      ],
      "prices": [
        {
          "store_name": "Albert",
          "price": 599.0,
          "original_price": null,
          "unit_price": 855.71,
          "unit": "l",
          "package_size": "700 ml, 40% alc",
          "condition": "18+"
        }
      ],
      "description": null
    },
    {
      "name": "Nature's Promise Bio Kečup jemný",
      "brand": "Nature's Promise",
      "product_url": "https://wolt.com/cs/cze/prague/venue/albert-vinohradska/nature-s-promise-bio-kecup-jemny-itemid-64ca0b7cba162577de488ded",
      "image_url": "https://imageproxy.wolt.com/menu/menu-images/63ad795db242366d1f818f36/98a58506-5efa-11ef-9836-42bb379c047e_27240328.jpg",
      "categories": [
        "TRVANLIVÉ",
        "KEČUPY A HOŘČICE"
      ],
      "prices": [
        {
          "store_name": "Albert",
          "price": 44.9,
          "original_price": null,
          "unit_price": 84.72,
          "unit": "Kg",
          "package_size": "530 g",
          "condition": null
        }
      ],
      "description": null
    },
    {
      "name": "Kitbis Roks lízátka",
      "brand": "Kitbis",
      "product_url": "https://wolt.com/cs/cze/prague/venue/albert-vinohradska/kitbis-roks-lizatka-itemid-64ca0b7cba162577de4894b9",
      "image_url": "https://imageproxy.wolt.com/menu/menu-images/64ffec4406cca0140dfab831/f8710380-8ebb-11ee-aaa0-2ea44b0f5f93_26814988.jpg",
      "categories": [
        "TRVANLIVÉ",
        "SLADKOSTI"
      ],
      "prices": [
        {
          "store_name": "Albert",
          "price": 18.9,
          "original_price": null,
          "unit_price": 378.0,
          "unit": "Kg",
          "package_size": "50 g",
          "condition": "Vyprodáno"
        }
      ],
      "description": null
    },
    {
      "name": "Gustona Kukuřičky ve sladkokyselém nálevu",
      "brand": "Gustona",
      "product_url": "https://wolt.com/cs/cze/prague/venue/albert-vinohradska/gustona-kukuricky-ve-sladkokyselem-nalevu-itemid-657233256818b938df9484d4",
      "image_url": "https://imageproxy.wolt.com/menu/menu-images/63ad795db242366d1f818f36/3d3737f8-2c8e-11ef-97ad-8e672f50ea69_25449358.jpg",
      "categories": [
        "TRVANLIVÉ",
        "KONZERVOVANÉ POTR."
      ],
      "prices": [
        {
          "store_name": "Albert",
          "price": 39.9,
          "original_price": null,
          "unit_price": 210.0,
          "unit": "Kg",
          "package_size": "190 g",
          "condition": null
        }
      ],
      "description": null
    },
    {
      "name": "Teekanne Ovocný čaj Forest Fruits",
      "brand": "Teekanne",
      "product_url": "https://wolt.com/cs/cze/prague/venue/albert-vinohradska/teekanne-ovocny-caj-forest-fruits-itemid-64ca0b7cba162577de489531",
      "image_url": "https://imageproxy.wolt.com/menu/menu-images/64ffec4406cca0140dfab831/b6c72034-8eae-11ee-b05c-1aabffa83dfd_22734259.jpg",
      "categories": [
        "NÁPOJE",
        "KÁVA A ČAJ"
      ],
      "prices": [
        {
          "store_name": "Albert",
          "price": 44.9,
          "original_price": null,
          "unit_price": 898.0,
          "unit": "Kg",
          "package_size": "50 g",
          "condition": null
        }
      ],
      "description": null
    },
    {
      "name": "Nature's Promise Bio Semínkový chléb bez lepku",
      "brand": "Nature's Promise",
      "product_url": "https://wolt.com/cs/cze/prague/venue/albert-vinohradska/nature-s-promise-bio-seminkovy-chleb-bez-lepku-itemid-64ca0b7cba162577de489721",
      "image_url": "https://imageproxy.wolt.com/menu/menu-images/64ffec4406cca0140dfab831/68abfaa4-8ec3-11ee-a58b-b254b150411e_27379455.jpg",
      "categories": [
        "PEKÁRNA A CUKRÁRNA",
        "RACIO A KNÄCKEBROT"
      ],
      "prices": [
        {
          "store_name": "Albert",
          "price": null,
          "original_price": null,
          "unit_price": 159.6,
          "unit": "Kg",
          "package_size": "250 g",
          "condition": "Sleva"
        }
      ],
      "description": null
    },
    {
      "name": "Somat Sůl do myčky",
      "brand": "Somat",
      "product_url": "https://wolt.com/cs/cze/prague/venue/albert-vinohradska/somat-sul-do-mycky-itemid-64ca0b7cba162577de489ba4",
      "image_url": "https://imageproxy.wolt.com/menu/menu-images/6745ec28c3b7723db3588430/090dad6a-d4fb-11f0-ab38-66be8a77f850_22329981.jpg",
      "categories": [
        "DROGERIE A KOSMETIKA",
        "MYTÍ NÁDOBÍ"
      ],
      "prices": [
        {
          "store_name": "Albert",
          "price": 59.9,
          "original_price": null,
          "unit_price": 39.93,
          "unit": "Kg",
          "package_size": "1,5 kg",
          "condition": null
        }
      ],
      "description": null
    },
    {
      "name": "Relax Exotica jablko, limetka a kaktus",
      "brand": "Relax",
      "product_url": "https://wolt.com/cs/cze/prague/venue/albert-vinohradska/relax-exotica-jablko-limetka-a-kaktus-itemid-64ca0b7cba162577de488325",
      "image_url": "https://imageproxy.wolt.com/menu/menu-images/64ffec4406cca0140dfab831/6400befe-8eaf-11ee-9ac3-a64f6127a8cf_23297760.jpg",
      "categories": [
        "NÁPOJE",
        "DŽUSY A NEKTARY"
      ],
      "prices": [
        {
          "store_name": "Albert",
          "price": 29.9,
          "original_price": null,
          "unit_price": 29.9,
          "unit": "l",
          "package_size": "1 l",
          "condition": null
        }
      ],
      "description": null
    },
    {
      "name": "Ovocný čaj love  ovocno-bylinný čaj",
      "brand": "Ovocný",
      "product_url": "https://wolt.com/cs/cze/prague/venue/albert-vinohradska/ovocny-caj-love-ovocno-bylinny-caj-itemid-64ca0b7cba162577de4896a5",
      "image_url": "https://imageproxy.wolt.com/menu/menu-images/64ffec4406cca0140dfab831/869bbacc-8eb9-11ee-be10-eadf6ce36c9d_26446745.jpg",
      "categories": [
        "NÁPOJE",
        "KÁVA A ČAJ"
      ],
      "prices": [
        {
          "store_name": "Albert",
          "price": 44.9,
          "original_price": null,
          "unit_price": 997.78,
          "unit": "Kg",
          "package_size": "45 g",
          "condition": null
        }
      ],
      "description": null
    },
    {
      "name": "Feferonky červené",
      "brand": "Feferonky",
      "product_url": "https://wolt.com/cs/cze/prague/venue/albert-vinohradska/feferonky-cervene-itemid-651c84814336abf38fbfb114",
      "image_url": "https://imageproxy.wolt.com/menu/menu-images/64ffec4406cca0140dfab831/b8436054-8ead-11ee-b5c5-361f92ce8d2c_21184109.jpg",
      "categories": [
        "OVOCE A ZELENINA",
        "ZELENINA"
      ],
      "prices": [
        {
          "store_name": "Albert",
          "price": 32.9,
          "original_price": null,
          "unit_price": 658.0,
          "unit": "Kg",
          "package_size": "50 g",
          "condition": null
        }
      ],
      "description": null
    },
    {
      "name": "Milko Můj skyr jahoda",
      "brand": "Milko",
      "product_url": "https://wolt.com/cs/cze/prague/venue/albert-vinohradska/milko-muj-skyr-jahoda-itemid-64ca0b7cba162577de489442",
      "image_url": "https://imageproxy.wolt.com/menu/menu-images/64ffec4406cca0140dfab831/b9ee48ba-8ebc-11ee-9d06-d61ea9882201_26864631.jpg",
      "categories": [
        "MLÉČNÉ A CHLAZENÉ",
        "JOGURTY A DEZERTY"
      ],
      "prices": [
        {
          "store_name": "Albert",
          "price": 21.9,
          "original_price": null,
          "unit_price": 168.46,
          "unit": "Kg",
          "package_size": "130 g",
          "condition": null
        }
      ],
      "description": null
    },
    {
      "name": "Nivea Body Milk výživné tělové mléko",
      "brand": "Nivea",
      "product_url": "https://wolt.com/cs/cze/prague/venue/albert-vinohradska/nivea-body-milk-vyzivne-telove-mleko-itemid-64ca0b7cba162577de488f6d",
      "image_url": "https://imageproxy.wolt.com/menu/menu-images/64ffec4406cca0140dfab831/b2289ebe-8eb2-11ee-97ce-7a4dcb26504b_24860161.jpg",
      "categories": [
        "DROGERIE A KOSMETIKA",
        "PÉČE O TĚLO"
      ],
      "prices": [
        {
          "store_name": "Albert",
          "price": 269.0,
          "original_price": null,
          "unit_price": 672.5,
          "unit": "l",
          "package_size": "400 ml",
          "condition": null
        }
      ],
      "description": null
    },
    {
      "name": "A.W. Olomoucké tvarůžky věnečky",
      "brand": "A.W",
      "product_url": "https://wolt.com/cs/cze/prague/venue/albert-vinohradska/a-w-olomoucke-tvaruzky-venecky-itemid-657233256818b938df9478df",
      "image_url": "https://imageproxy.wolt.com/menu/menu-images/64ffec4406cca0140dfab831/6dd04af2-92e3-11ee-8d18-7e6e013bf394_23572553.jpg",
      "categories": [
        "MLÉČNÉ A CHLAZENÉ",
        "SÝRY"
      ],
      "prices": [
        {
          "store_name": "Albert",
          "price": 49.9,
          "original_price": null,
          "unit_price": 399.2,
          "unit": "Kg",
          "package_size": "125 g",
          "condition": null
        }
      ],
      "description": null
    },
    {
      "name": "Vitana Cibule sušená",
      "brand": "Vitana",
      "product_url": "https://wolt.com/cs/cze/prague/venue/albert-vinohradska/vitana-cibule-susena-itemid-657233256818b938df947bb7",
      "image_url": "https://imageproxy.wolt.com/menu/menu-images/64ffec4406cca0140dfab831/b9f9c860-8ebd-11ee-b2e1-024d5631d362_26962566.jpg",
      "categories": [
        "TRVANLIVÉ",
        "KOŘENÍ A OCHUCOVADLA"
      ],
      "prices": [
        {
          "store_name": "Albert",
          "price": 32.9,
          "original_price": null,
          "unit_price": 1645.0,
          "unit": "Kg",
          "package_size": "20 g",
          "condition": null
        }
      ],
      "description": null
    },
    {
      "name": "Sommelier Collection Bordeaux Château",
      "brand": "Sommelier",
      "product_url": "https://wolt.com/cs/cze/prague/venue/albert-vinohradska/sommelier-collection-bordeaux-chateau-itemid-64ca0b7cba162577de48a3fc",
      "image_url": "https://imageproxy.wolt.com/menu/menu-images/64ffec4406cca0140dfab831/9b0fb2c6-8ec6-11ee-b126-bad10d590585_27616260.jpg",
      "categories": [
        "NÁPOJE",
        "VÍNA"
      ],
      "prices": [
        {
          "store_name": "Albert",
          "price": 111.9,
          "original_price": null,
          "unit_price": 149.2,
          "unit": "l",
          "package_size": "750 ml, 14,5% alc",
          "condition": "18+"
        }
      ],
      "description": null
    },
    {
      "name": "Elmex Sensitive zubní pasta s aminfluoridem",
      "brand": "Elmex",
      "product_url": "https://wolt.com/cs/cze/prague/venue/albert-vinohradska/elmex-sensitive-zubni-pasta-s-aminfluoridem-itemid-64ca0b7cba162577de4892ad",
      "image_url": "https://imageproxy.wolt.com/menu/menu-images/64ffec4406cca0140dfab831/5f7819c2-8eaf-11ee-bae4-ca775a3f94cd_23293298.jpg",
      "categories": [
        "DROGERIE A KOSMETIKA",
        "ÚSTNÍ HYGIENA"
      ],
      "prices": [
        {
          "store_name": "Albert",
          "price": 99.9,
          "original_price": null,
          "unit_price": 1332.0,
          "unit": "l",
          "package_size": "75 ml",
          "condition": null
        }
      ],
      "description": null
    },
    {
      "name": "Müller Riso vegan (mix příchutí)",
      "brand": "Müller",
      "product_url": "https://wolt.com/cs/cze/prague/venue/albert-vinohradska/muller-riso-vegan-mix-prichuti-itemid-657233256818b938df948be6",
      "image_url": "https://imageproxy.wolt.com/menu/menu-images/64ffec4406cca0140dfab831/b04da48e-8ec3-11ee-821a-fedb83882cb3_27414439.jpg",
      "categories": [
        "MLÉČNÉ A CHLAZENÉ",
        "JOGURTY A DEZERTY"
      ],
      "prices": [
        {
          "store_name": "Albert",
          "price": 24.9,
          "original_price": null,
          "unit_price": 155.63,
          "unit": "Kg",
          "package_size": "160 g",
          "condition": null
        }
      ],
      "description": null
    },
    {
      "name": "Teekanne čaj Italian lemon",
      "brand": "Teekanne",
      "product_url": "https://wolt.com/cs/cze/prague/venue/albert-vinohradska/teekanne-caj-italian-lemon-itemid-651c86d14336abf38fbfd37f",
      "image_url": "https://imageproxy.wolt.com/menu/menu-images/63ad795db242366d1f818f36/e5020f2c-7827-11f0-9340-2e6ab0d6c261_27498514.jpg",
      "categories": [
        "NÁPOJE",
        "KÁVA A ČAJ"
      ],
      "prices": [
        {
          "store_name": "Albert",
          "price": 44.9,
          "original_price": null,
          "unit_price": 1122.5,
          "unit": "Kg",
          "package_size": "40 g",
          "condition": null
        }
      ],
      "description": null
    },
    {
      "name": "Nature's Promise Bio Omáčka rajčata a bazalka",
      "brand": "Nature's Promise",
      "product_url": "https://wolt.com/cs/cze/prague/venue/albert-vinohradska/nature-s-promise-bio-omacka-rajcata-a-bazalka-itemid-64ca0b7cba162577de489aba",
      "image_url": "https://imageproxy.wolt.com/menu/menu-images/63ad795db242366d1f818f36/99d7fe00-10f7-11ef-871c-ea0c0036480b_27620922.jpg",
      "categories": [
        "TRVANLIVÉ",
        "KEČUPY A HOŘČICE"
      ],
      "prices": [
        {
          "store_name": "Albert",
          "price": null,
          "original_price": null,
          "unit_price": 108.53,
          "unit": "Kg",
          "package_size": "340 g",
          "condition": "Sleva"
        }
      ],
      "description": null
    },
    {
      "name": "Schauma 7 Herbs Freshness šampon",
      "brand": "Schauma",
      "product_url": "https://wolt.com/cs/cze/prague/venue/albert-vinohradska/schauma-7-herbs-freshness-sampon-itemid-6601f476f9cabb35fca42513",
      "image_url": "https://imageproxy.wolt.com/menu/menu-images/6601c613e48d1c8d95333085/6ece7bca-eae2-11ee-ac42-daa57e6835e8_24142182.jpg",
      "categories": [
        "DROGERIE A KOSMETIKA",
        "PÉČE O VLASY"
      ],
      "prices": [
        {
          "store_name": "Albert",
          "price": 97.9,
          "original_price": null,
          "unit_price": 244.75,
          "unit": "l",
          "package_size": "400 ml",
          "condition": null
        }
      ],
      "description": null
    },
    {
      "name": "Vileda Colors Mikrohadřík univerzální",
      "brand": "Vileda",
      "product_url": "https://wolt.com/cs/cze/prague/venue/albert-vinohradska/vileda-colors-mikrohadrik-univerzalni-itemid-64ca0b7cba162577de48a2c7",
      "image_url": "https://imageproxy.wolt.com/menu/menu-images/64ffec4406cca0140dfab831/b9d4a15e-8ebb-11ee-9644-3a1814765055_26794129.jpg",
      "categories": [
        "DOMÁCNOST A ZAHRADA",
        "ÚKLIDOVÉ POTŘEBY"
      ],
      "prices": [
        {
          "store_name": "Albert",
          "price": 119.9,
          "original_price": null,
          "unit_price": 29.98,
          "unit": "ks",
          "package_size": "‪4‬ kusů",
          "condition": null
        }
      ],
      "description": null
    },
    {
      "name": "Nature's Promise Bio Skořicový cukr",
      "brand": "Nature's Promise",
      "product_url": "https://wolt.com/cs/cze/prague/venue/albert-vinohradska/nature-s-promise-bio-skoricovy-cukr-itemid-64ca0b7cba162577de48a374",
      "image_url": "https://imageproxy.wolt.com/menu/menu-images/64ffec4406cca0140dfab831/23fa4b08-8ec9-11ee-ab67-e22a145dbeeb_27738672.jpg",
      "categories": [
        "TRVANLIVÉ",
        "PEČENÍ A VAŘENÍ"
      ],
      "prices": [
        {
          "store_name": "Albert",
          "price": 6.9,
          "original_price": null,
          "unit_price": 345.0,
          "unit": "Kg",
          "package_size": "20 g",
          "condition": null
        }
      ],
      "description": null
    },
    {
      "name": "Tchibo Gold Selection instantní káva",
      "brand": "Tchibo",
      "product_url": "https://wolt.com/cs/cze/prague/venue/albert-vinohradska/tchibo-gold-selection-instantni-kava-itemid-64ca0b7cba162577de488067",
      "image_url": "https://imageproxy.wolt.com/menu/menu-images/63ad795db242366d1f818f36/01aa9358-7826-11f0-8b69-4e04c21ff4dd_24001229.jpg",
      "categories": [
        "NÁPOJE",
        "KÁVA A ČAJ"
      ],
      "prices": [
        {
          "store_name": "Albert",
          "price": 139.9,
          "original_price": null,
          "unit_price": 699.5,
          "unit": "Kg",
          "package_size": "200 g",
          "condition": null
        }
      ],
      "description": null
    },
    {
      "name": "Emma Kroužky medové",
      "brand": "Emma",
      "product_url": "https://wolt.com/cs/cze/prague/venue/albert-vinohradska/emma-krouzky-medove-itemid-64ca0b7cba162577de48810f",
      "image_url": "https://imageproxy.wolt.com/menu/menu-images/63ad795db242366d1f818f36/2a8a86dc-d671-11ee-b27c-56003ea8acc5_25738094.jpg",
      "categories": [
        "TRVANLIVÉ",
        "MÜSLI A CEREÁLIE"
      ],
      "prices": [
        {
          "store_name": "Albert",
          "price": 29.9,
          "original_price": null,
          "unit_price": 119.6,
          "unit": "Kg",
          "package_size": "250 g",
          "condition": null
        }
      ],
      "description": null
    },
    {
      "name": "Albert Koriandr řezaný vanička",
      "brand": "Albert",
      "product_url": "https://wolt.com/cs/cze/prague/venue/albert-vinohradska/albert-koriandr-rezany-vanicka-itemid-6601f4619c699670bed08019",
      "image_url": "https://imageproxy.wolt.com/menu/menu-images/6601c613e48d1c8d95333085/ab46f52a-eae5-11ee-9f57-aae3aea8b537_27858486.jpg",
      "categories": [
        "TRVANLIVÉ",
        "KOŘENÍ A OCHUCOVADLA"
      ],
      "prices": [
        {
          "store_name": "Albert",
          "price": 44.9,
          "original_price": null,
          "unit_price": 898.0,
          "unit": "Kg",
          "package_size": "50 g",
          "condition": null
        }
      ],
      "description": null
    },
    {
      "name": "Albert Excellent Slanina kostky",
      "brand": "Albert Excellent",
      "product_url": "https://wolt.com/cs/cze/prague/venue/albert-vinohradska/albert-excellent-slanina-kostky-itemid-657233256818b938df94789c",
      "image_url": "https://imageproxy.wolt.com/menu/menu-images/63ad795db242366d1f818f36/b1883242-df7c-11ee-b3fc-c2293a393ca1_27766156.jpg",
      "categories": [
        "UZENINY A LAHŮDKY",
        "ŠUNKY A SLANINY"
      ],
      "prices": [
        {
          "store_name": "Albert",
          "price": 61.9,
          "original_price": null,
          "unit_price": 309.5,
          "unit": "Kg",
          "package_size": "200 g",
          "condition": "Vyprodáno"
        }
      ],
      "description": null
    },
    {
      "name": "Albert Excellent Gouda mladá 48%",
      "brand": "Albert Excellent",
      "product_url": "https://wolt.com/cs/cze/prague/venue/albert-vinohradska/albert-excellent-gouda-mlada-48-itemid-64ca0b7cba162577de489b7e",
      "image_url": "https://imageproxy.wolt.com/menu/menu-images/63ad795db242366d1f818f36/64d97cea-bbe4-11ef-b7b3-b21c644d21d4_26058580.jpg",
      "categories": [
        "MLÉČNÉ A CHLAZENÉ",
        "SÝRY"
      ],
      "prices": [
        {
          "store_name": "Albert",
          "price": 118.66,
          "original_price": null,
          "unit_price": null,
          "unit": null,
          "package_size": null,
          "condition": "Vyprodáno"
        }
      ],
      "description": null
    },
    {
      "name": "Albert Jogurt jahoda",
      "brand": "Albert",
      "product_url": "https://wolt.com/cs/cze/prague/venue/albert-vinohradska/albert-jogurt-jahoda-itemid-64ca0b7cba162577de48864d",
      "image_url": "https://imageproxy.wolt.com/menu/menu-images/64ffec4406cca0140dfab831/4a456382-8eb6-11ee-b5cd-2672547c66c2_25734492.jpg",
      "categories": [
        "MLÉČNÉ A CHLAZENÉ",
        "JOGURTY A DEZERTY"
      ],
      "prices": [
        {
          "store_name": "Albert",
          "price": 11.9,
          "original_price": null,
          "unit_price": 79.33,
          "unit": "Kg",
          "package_size": "150 g",
          "condition": null
        }
      ],
      "description": null
    },
    {
      "name": "Kotex Normal Tampony",
      "brand": "Kotex",
      "product_url": "https://wolt.com/cs/cze/prague/venue/albert-vinohradska/kotex-normal-tampony-itemid-6601f09170bd9a168cf8d198",
      "image_url": "https://imageproxy.wolt.com/menu/menu-images/6601c613e48d1c8d95333085/42ecaed2-eae2-11ee-b585-0279839fcf9e_22797612.jpg",
      "categories": [
        "DROGERIE A KOSMETIKA",
        "DÁMSKÉ HYG. POTŘEBY"
      ],
      "prices": [
        {
          "store_name": "Albert",
          "price": 49.9,
          "original_price": null,
          "unit_price": 3.12,
          "unit": "ks",
          "package_size": "‪16‬ kusů",
          "condition": null
        }
      ],
      "description": null
    },
    {
      "name": "Haribo Tropifrutti želé s ovocnými příchutěmi",
      "brand": "Haribo",
      "product_url": "https://wolt.com/cs/cze/prague/venue/albert-vinohradska/haribo-tropifrutti-zele-s-ovocnymi-prichutemi-itemid-64ca0b7cba162577de488549",
      "image_url": "https://imageproxy.wolt.com/menu/menu-images/64ffec4406cca0140dfab831/eaecb726-8ead-11ee-a28a-66832535a71f_21454189.jpg",
      "categories": [
        "TRVANLIVÉ",
        "SLADKOSTI"
      ],
      "prices": [
        {
          "store_name": "Albert",
          "price": 24.9,
          "original_price": null,
          "unit_price": 249.0,
          "unit": "Kg",
          "package_size": "100 g",
          "condition": null
        }
      ],
      "description": null
    },
    {
      "name": "Schär Mix Bread Směs bez lepku",
      "brand": "Schär",
      "product_url": "https://wolt.com/cs/cze/prague/venue/albert-vinohradska/schar-mix-bread-smes-bez-lepku-itemid-64ca0b7cba162577de48971b",
      "image_url": "https://imageproxy.wolt.com/menu/menu-images/64ffec4406cca0140dfab831/625d2ee2-8eb5-11ee-9e16-02d10f7fce64_25540321.jpg",
      "categories": [
        "TRVANLIVÉ",
        "PEČENÍ A VAŘENÍ"
      ],
      "prices": [
        {
          "store_name": "Albert",
          "price": null,
          "original_price": null,
          "unit_price": 89.9,
          "unit": "Kg",
          "package_size": "1 kg",
          "condition": "Sleva"
        }
      ],
      "description": null
    },
    {
      "name": "World‘s Market Pesto červené",
      "brand": "World‘s Market",
      "product_url": "https://wolt.com/cs/cze/prague/venue/albert-vinohradska/world-s-market-pesto-cervene-itemid-64ca0b7cba162577de488b79",
      "image_url": "https://imageproxy.wolt.com/menu/menu-images/63ad795db242366d1f818f36/aed08aa6-aef6-11ee-9031-66af11052e7e_27267219.jpg",
      "categories": [
        "TRVANLIVÉ",
        "KEČUPY A HOŘČICE"
      ],
      "prices": [
        {
          "store_name": "Albert",
          "price": 37.9,
          "original_price": null,
          "unit_price": 199.47,
          "unit": "Kg",
          "package_size": "190 g",
          "condition": null
        }
      ],
      "description": null
    },
    {
      "name": "Roche Mazet Cabernet Sauvignon",
      "brand": "Roche",
      "product_url": "https://wolt.com/cs/cze/prague/venue/albert-vinohradska/roche-mazet-cabernet-sauvignon-itemid-657233256818b938df947f3e",
      "image_url": "https://imageproxy.wolt.com/menu/menu-images/64ffec4406cca0140dfab831/6c90e5c6-8eb9-11ee-bdd4-f676b94e1855_26423258.jpg",
      "categories": [
        "NÁPOJE",
        "VÍNA"
      ],
      "prices": [
        {
          "store_name": "Albert",
          "price": 140.9,
          "original_price": null,
          "unit_price": 187.87,
          "unit": "l",
          "package_size": "750 ml, 12,5% alc",
          "condition": "18+"
        }
      ],
      "description": null
    },
    {
      "name": "Gustona Pizza Prosciutto",
      "brand": "Gustona",
      "product_url": "https://wolt.com/cs/cze/prague/venue/albert-vinohradska/gustona-pizza-prosciutto-itemid-6876153a0c6218e9f3e5f498",
      "image_url": "https://imageproxy.wolt.com/menu/menu-images/64b62ec5e5ab70cdc92e30f0/da91c688-616e-11f0-bf1e-5a8997702bee_27862025.jpg",
      "categories": [
        "MRAŽENÉ POTRAVINY",
        "MRAŽENÁ PIZZA A HOTOVÁ JÍDLA"
      ],
      "prices": [
        {
          "store_name": "Albert",
          "price": 59.9,
          "original_price": null,
          "unit_price": 181.52,
          "unit": "Kg",
          "package_size": "330 g",
          "condition": null
        }
      ],
      "description": null
    },
    {
      "name": "Milko Řecký jogurt jahoda",
      "brand": "Milko",
      "product_url": "https://wolt.com/cs/cze/prague/venue/albert-vinohradska/milko-recky-jogurt-jahoda-itemid-64ca0b7cba162577de489238",
      "image_url": "https://imageproxy.wolt.com/menu/menu-images/63ad795db242366d1f818f36/dc9208ae-f8ef-11ef-a9aa-5ee043d60a6c_25906622.jpg",
      "categories": [
        "MLÉČNÉ A CHLAZENÉ",
        "JOGURTY A DEZERTY"
      ],
      "prices": [
        {
          "store_name": "Albert",
          "price": 21.9,
          "original_price": null,
          "unit_price": 156.43,
          "unit": "Kg",
          "package_size": "140 g",
          "condition": null
        }
      ],
      "description": null
    },
    {
      "name": "Velkopopovický Kozel polotmavý nealkoholický",
      "brand": "Velkopopovický Kozel",
      "product_url": "https://wolt.com/cs/cze/prague/venue/albert-vinohradska/velkopopovicky-kozel-polotmavy-nealkoholicky-itemid-64ca0b7cba162577de489577",
      "image_url": "https://imageproxy.wolt.com/menu/menu-images/64ffec4406cca0140dfab831/60c4ca0a-8ec8-11ee-92b0-b649ab0f849e_27717431.jpg",
      "categories": [
        "NÁPOJE",
        "PIVA"
      ],
      "prices": [
        {
          "store_name": "Albert",
          "price": 22.9,
          "original_price": null,
          "unit_price": 45.8,
          "unit": "l",
          "package_size": "500 ml",
          "condition": null
        }
      ],
      "description": null
    },
    {
      "name": "Hašlerky Černý rybíz",
      "brand": "Hašlerky",
      "product_url": "https://wolt.com/cs/cze/prague/venue/albert-vinohradska/haslerky-cerny-rybiz-itemid-64ca0b7cba162577de48963b",
      "image_url": "https://imageproxy.wolt.com/menu/menu-images/64ffec4406cca0140dfab831/7dfec9f8-8eba-11ee-ac58-feea992db910_26632414.jpg",
      "categories": [
        "TRVANLIVÉ",
        "SLADKOSTI"
      ],
      "prices": [
        {
          "store_name": "Albert",
          "price": 19.9,
          "original_price": null,
          "unit_price": 221.11,
          "unit": "Kg",
          "package_size": "90 g",
          "condition": null
        }
      ],
      "description": null
    },
    {
      "name": "Jar Platinum plus All in1 Tablety do myčky",
      "brand": "Jar",
      "product_url": "https://wolt.com/cs/cze/prague/venue/albert-vinohradska/jar-platinum-plus-all-in1-tablety-do-mycky-itemid-657233256818b938df948bb4",
      "image_url": "https://imageproxy.wolt.com/menu/menu-images/64ffec4406cca0140dfab831/8c78d168-92e3-11ee-ac59-924d13f2393e_27593608.jpg",
      "categories": [
        "DROGERIE A KOSMETIKA",
        "ČISTÍCÍ PROSTŘEDKY"
      ],
      "prices": [
        {
          "store_name": "Albert",
          "price": 349.0,
          "original_price": null,
          "unit_price": 8.31,
          "unit": "ks",
          "package_size": "‪42‬ kusů",
          "condition": null
        }
      ],
      "description": null
    },
    {
      "name": "Pribináček Krupička mléčná",
      "brand": "Pribináček",
      "product_url": "https://wolt.com/cs/cze/prague/venue/albert-vinohradska/pribinacek-krupicka-mlecna-itemid-657233256818b938df948810",
      "image_url": "https://imageproxy.wolt.com/menu/menu-images/64ffec4406cca0140dfab831/4ebbadd0-8ecb-11ee-bcea-f2d9350a309b_27802892.jpg",
      "categories": [
        "MLÉČNÉ A CHLAZENÉ",
        "JOGURTY A DEZERTY"
      ],
      "prices": [
        {
          "store_name": "Albert",
          "price": 29.9,
          "original_price": null,
          "unit_price": 213.57,
          "unit": "Kg",
          "package_size": "140 g",
          "condition": null
        }
      ],
      "description": null
    },
    {
      "name": "Cappy Pulpy Pomeranč",
      "brand": "Cappy",
      "product_url": "https://wolt.com/cs/cze/prague/venue/albert-vinohradska/cappy-pulpy-pomeranc-itemid-64ca0b7cba162577de4890de",
      "image_url": "https://imageproxy.wolt.com/menu/menu-images/63ad795db242366d1f818f36/25fcd9b4-7826-11f0-ab2f-76a2453df904_25772395.jpg",
      "categories": [
        "NÁPOJE",
        "DŽUSY A NEKTARY"
      ],
      "prices": [
        {
          "store_name": "Albert",
          "price": 36.9,
          "original_price": null,
          "unit_price": 36.9,
          "unit": "l",
          "package_size": "1 l",
          "condition": null
        }
      ],
      "description": null
    },
    {
      "name": "Lock Dóza na potraviny",
      "brand": "Lock",
      "product_url": "https://wolt.com/cs/cze/prague/venue/albert-vinohradska/lock-doza-na-potraviny-itemid-64ca0b7cba162577de489c57",
      "image_url": "https://imageproxy.wolt.com/menu/menu-images/64ffec4406cca0140dfab831/91eb4a3e-8eb2-11ee-a71e-aa70cbf91f77_24824842.jpg",
      "categories": [
        "DOMÁCNOST A ZAHRADA",
        "KUCHYŇSKÉ POTŘEBY"
      ],
      "prices": [
        {
          "store_name": "Albert",
          "price": 119.9,
          "original_price": null,
          "unit_price": 119.9,
          "unit": "ks",
          "package_size": "‪1‬ kus",
          "condition": null
        }
      ],
      "description": null
    },
    {
      "name": "Albert Guláš s houskovým knedlíkem",
      "brand": "Albert",
      "product_url": "https://wolt.com/cs/cze/prague/venue/albert-vinohradska/albert-gulas-s-houskovym-knedlikem-itemid-681b5abffcbd67bf7a8f49cf",
      "image_url": "https://imageproxy.wolt.com/menu/menu-images/63ad795db242366d1f818f36/b4a05492-2b47-11f0-b73c-e66f4648c6a0_27963807.jpg",
      "categories": [
        "UZENINY A LAHŮDKY",
        "HOTOVKY A PŘÍLOHY"
      ],
      "prices": [
        {
          "store_name": "Albert",
          "price": 99.9,
          "original_price": null,
          "unit_price": 249.75,
          "unit": "Kg",
          "package_size": "400 g",
          "condition": null
        }
      ],
      "description": null
    },
    {
      "name": "O.B.Extra Protect Tampony super",
      "brand": "O.B.Extra",
      "product_url": "https://wolt.com/cs/cze/prague/venue/albert-vinohradska/o-b-extra-protect-tampony-super-itemid-6602149390eae1eb87fefb86",
      "image_url": "https://imageproxy.wolt.com/menu/menu-images/6601c613e48d1c8d95333085/6783e8a8-eae4-11ee-8097-c2d24fe29718_27573211.jpg",
      "categories": [
        "DROGERIE A KOSMETIKA",
        "DÁMSKÉ HYG. POTŘEBY"
      ],
      "prices": [
        {
          "store_name": "Albert",
          "price": 229.0,
          "original_price": null,
          "unit_price": 5.45,
          "unit": "ks",
          "package_size": "‪42‬ kusů",
          "condition": null
        }
      ],
      "description": null
    },
    {
      "name": "Emco Super Mysli čokoláda a kokos bez cukru",
      "brand": "Emco",
      "product_url": "https://wolt.com/cs/cze/prague/venue/albert-vinohradska/emco-super-mysli-cokolada-a-kokos-bez-cukru-itemid-64ca0b7cba162577de4890b3",
      "image_url": "https://imageproxy.wolt.com/menu/menu-images/64ffec4406cca0140dfab831/4ef62716-8ec2-11ee-99dd-5e8c96b8dcdd_27294000.jpg",
      "categories": [
        "TRVANLIVÉ",
        "MÜSLI A CEREÁLIE"
      ],
      "prices": [
        {
          "store_name": "Albert",
          "price": 125.9,
          "original_price": null,
          "unit_price": 251.8,
          "unit": "Kg",
          "package_size": "500 g",
          "condition": null
        }
      ],
      "description": null
    },
    {
      "name": "Bohemia Chips Vroubky pizza",
      "brand": "Bohemia",
      "product_url": "https://wolt.com/cs/cze/prague/venue/albert-vinohradska/bohemia-chips-vroubky-pizza-itemid-64ca0b7cba162577de4895bb",
      "image_url": "https://imageproxy.wolt.com/menu/menu-images/64ffec4406cca0140dfab831/f441d0b0-8eba-11ee-b320-7217cc85b990_26701998.jpg",
      "categories": [
        "TRVANLIVÉ",
        "SLANÉ"
      ],
      "prices": [
        {
          "store_name": "Albert",
          "price": 39.9,
          "original_price": null,
          "unit_price": 332.5,
          "unit": "Kg",
          "package_size": "120 g",
          "condition": null
        }
      ],
      "description": null
    },
    {
      "name": "Lipton Ledový čaj Zero černý s příchutí broskve",
      "brand": "Lipton",
      "product_url": "https://wolt.com/cs/cze/prague/venue/albert-vinohradska/lipton-ledovy-caj-zero-cerny-s-prichuti-broskve-itemid-64ca0b7cba162577de4890ed",
      "image_url": "https://imageproxy.wolt.com/menu/menu-images/63ad795db242366d1f818f36/a8c16f2a-df7c-11ee-9a8b-eeeb59403ebb_27122778.jpg",
      "categories": [
        "NÁPOJE",
        "LIMONÁDY"
      ],
      "prices": [
        {
          "store_name": "Albert",
          "price": 41.9,
          "original_price": null,
          "unit_price": 27.93,
          "unit": "l",
          "package_size": "1,5 l",
          "condition": null
        }
      ],
      "description": null
    },
    {
      "name": "Hellmann's Omáčka k masu Barbecue",
      "brand": "Hellmann's",
      "product_url": "https://wolt.com/cs/cze/prague/venue/albert-vinohradska/hellmann-s-omacka-k-masu-barbecue-itemid-64ca0b7cba162577de48974f",
      "image_url": "https://imageproxy.wolt.com/menu/menu-images/64ffec4406cca0140dfab831/1f04e0da-8ebb-11ee-9af8-76d18bdc0849_26741345.jpg",
      "categories": [
        "TRVANLIVÉ",
        "KEČUPY A HOŘČICE"
      ],
      "prices": [
        {
          "store_name": "Albert",
          "price": 71.9,
          "original_price": null,
          "unit_price": 287.6,
          "unit": "l",
          "package_size": "250 ml",
          "condition": null
        }
      ],
      "description": null
    },
    {
      "name": "Albert Jogurt smetanový meruňka",
      "brand": "Albert",
      "product_url": "https://wolt.com/cs/cze/prague/venue/albert-vinohradska/albert-jogurt-smetanovy-merunka-itemid-657233256818b938df94887c",
      "image_url": "https://imageproxy.wolt.com/menu/menu-images/64ffec4406cca0140dfab831/8ec1bb0c-8eb4-11ee-8a0e-2a867062f6f7_25348446.jpg",
      "categories": [
        "MLÉČNÉ A CHLAZENÉ",
        "JOGURTY A DEZERTY"
      ],
      "prices": [
        {
          "store_name": "Albert",
          "price": 12.9,
          "original_price": null,
          "unit_price": 86.0,
          "unit": "Kg",
          "package_size": "150 g",
          "condition": null
        }
      ],
      "description": null
    },
    {
      "name": "Česká chuť Rumcajs salát",
      "brand": "Česká chuť",
      "product_url": "https://wolt.com/cs/cze/prague/venue/albert-vinohradska/ceska-chut-rumcajs-salat-itemid-657233256818b938df9485fb",
      "image_url": "https://imageproxy.wolt.com/menu/menu-images/63ad795db242366d1f818f36/d08a4e20-5efa-11ef-a198-aac6e70462b0_20787431.jpg",
      "categories": [
        "UZENINY A LAHŮDKY",
        "SALÁTY A POMAZÁNKY"
      ],
      "prices": [
        {
          "store_name": "Albert",
          "price": null,
          "original_price": null,
          "unit_price": 106.67,
          "unit": "Kg",
          "package_size": "150 g",
          "condition": "Sleva"
        }
      ],
      "description": null
    },
    {
      "name": "Milka Bílá čokoláda",
      "brand": "Milka",
      "product_url": "https://wolt.com/cs/cze/prague/venue/albert-vinohradska/milka-bila-cokolada-itemid-64ca0b7cba162577de488fdd",
      "image_url": "https://imageproxy.wolt.com/menu/menu-images/63ad795db242366d1f818f36/a71c423e-f8ef-11ef-916d-0602b41fd15b_20318451.jpg",
      "categories": [
        "TRVANLIVÉ",
        "SLADKOSTI"
      ],
      "prices": [
        {
          "store_name": "Albert",
          "price": null,
          "original_price": null,
          "unit_price": 332.22,
          "unit": "Kg",
          "package_size": "90 g",
          "condition": "Sleva"
        }
      ],
      "description": null
    },
    {
      "name": "Bon Pari Citrus mix",
      "brand": "Bon",
      "product_url": "https://wolt.com/cs/cze/prague/venue/albert-vinohradska/bon-pari-citrus-mix-itemid-64ca0b7cba162577de48988a",
      "image_url": "https://imageproxy.wolt.com/menu/menu-images/64ffec4406cca0140dfab831/a7ce36f0-8eac-11ee-9ff0-0ad9bf6baf5b_20318031.jpg",
      "categories": [
        "TRVANLIVÉ",
        "SLADKOSTI"
      ],
      "prices": [
        {
          "store_name": "Albert",
          "price": 19.9,
          "original_price": null,
          "unit_price": 221.11,
          "unit": "Kg",
          "package_size": "90 g",
          "condition": null
        }
      ],
      "description": null
    },
    {
      "name": "Kostelecké Uzeniny Poctivá šunka pečená",
      "brand": "Kostelecké",
      "product_url": "https://wolt.com/cs/cze/prague/venue/albert-vinohradska/kostelecke-uzeniny-poctiva-sunka-pecena-itemid-64ca0b7cba162577de4894ce",
      "image_url": "https://imageproxy.wolt.com/menu/menu-images/64ffec4406cca0140dfab831/a5aeab3c-8eb8-11ee-b551-1ec840397d06_26175690.jpg",
      "categories": [
        "UZENINY A LAHŮDKY",
        "ŠUNKY A SLANINY"
      ],
      "prices": [
        {
          "store_name": "Albert",
          "price": 49.9,
          "original_price": null,
          "unit_price": 499.0,
          "unit": "Kg",
          "package_size": "100 g",
          "condition": null
        }
      ],
      "description": null
    },
    {
      "name": "Hamánek Ovocná přenídávka hruška a banán",
      "brand": "Hamánek",
      "product_url": "https://wolt.com/cs/cze/prague/venue/albert-vinohradska/hamanek-ovocna-prenidavka-hruska-a-banan-itemid-64ca0b7cba162577de489546",
      "image_url": "https://imageproxy.wolt.com/menu/menu-images/64ffec4406cca0140dfab831/dd3e4dc8-8ec2-11ee-b42f-2289f94b8ae4_27332290.jpg",
      "categories": [
        "DÍTĚ",
        "VÝŽIVA"
      ],
      "prices": [
        {
          "store_name": "Albert",
          "price": 14.9,
          "original_price": null,
          "unit_price": 149.0,
          "unit": "Kg",
          "package_size": "100 g",
          "condition": null
        }
      ],
      "description": null
    },
    {
      "name": "Magnesia Red Jemně perlivá jahoda",
      "brand": "Magnesia",
      "product_url": "https://wolt.com/cs/cze/prague/venue/albert-vinohradska/magnesia-red-jemne-perliva-jahoda-itemid-64ca0b7cba162577de488ad3",
      "image_url": "https://imageproxy.wolt.com/menu/menu-images/63ad795db242366d1f818f36/67ca7f3a-bbe4-11ef-a871-ee910d345358_26024653.jpg",
      "categories": [
        "NÁPOJE",
        "VODY A MINERÁLKY"
      ],
      "prices": [
        {
          "store_name": "Albert",
          "price": 24.9,
          "original_price": null,
          "unit_price": 16.6,
          "unit": "l",
          "package_size": "1,5 l",
          "condition": null
        }
      ],
      "description": null
    },
    {
      "name": "Zacapa Gran Reserva 40%",
      "brand": "Zacapa",
      "product_url": "https://wolt.com/cs/cze/prague/venue/albert-vinohradska/zacapa-gran-reserva-40-itemid-64ca0b7cba162577de48a1b2",
      "image_url": "https://imageproxy.wolt.com/menu/menu-images/64ffec4406cca0140dfab831/059b085a-8eba-11ee-a29c-fe2992cf6bd0_26553177.jpg",
      "categories": [
        "NÁPOJE",
        "LIHOVINY"
      ],
      "prices": [
        {
          "store_name": "Albert",
          "price": 1849.0,
          "original_price": null,
          "unit_price": 2641.43,
          "unit": "l",
          "package_size": "700 ml, 40% alc",
          "condition": "18+, Vyprodáno"
        }
      ],
      "description": null
    },
    {
      "name": "Pom-Bär Original",
      "brand": "Pom-Bär",
      "product_url": "https://wolt.com/cs/cze/prague/venue/albert-vinohradska/pom-bar-original-itemid-64ca0b7cba162577de4894f1",
      "image_url": "https://imageproxy.wolt.com/menu/menu-images/63ad795db242366d1f818f36/c11fadaa-7825-11f0-a0da-6ae3417a4563_20303594.jpg",
      "categories": [
        "TRVANLIVÉ",
        "SLANÉ"
      ],
      "prices": [
        {
          "store_name": "Albert",
          "price": 39.9,
          "original_price": null,
          "unit_price": 798.0,
          "unit": "Kg",
          "package_size": "50 g",
          "condition": null
        }
      ],
      "description": null
    },
    {
      "name": "Albert Bábovka mramorovaná balená",
      "brand": "Albert",
      "product_url": "https://wolt.com/cs/cze/prague/venue/albert-vinohradska/albert-babovka-mramorovana-balena-itemid-64ca0b7cba162577de48876d",
      "image_url": "https://imageproxy.wolt.com/menu/menu-images/64ffec4406cca0140dfab831/1157efba-8eb4-11ee-9da1-2e3db4b64128_25238105.jpg",
      "categories": [
        "PEKÁRNA A CUKRÁRNA",
        "SLADKÉ PEČIVO BALENÉ"
      ],
      "prices": [
        {
          "store_name": "Albert",
          "price": 52.9,
          "original_price": null,
          "unit_price": 132.25,
          "unit": "Kg",
          "package_size": "400 g",
          "condition": null
        }
      ],
      "description": null
    },
    {
      "name": "Orient Gourmet Udon předvařené nudle",
      "brand": "Orient",
      "product_url": "https://wolt.com/cs/cze/prague/venue/albert-vinohradska/orient-gourmet-udon-predvarene-nudle-itemid-64ca0b7cba162577de48a25f",
      "image_url": "https://imageproxy.wolt.com/menu/menu-images/64ffec4406cca0140dfab831/cac8fba4-8ebb-11ee-81d0-62f0ef4f63d8_26803845.jpg",
      "categories": [
        "TRVANLIVÉ",
        "MEZINÁRODNÍ KUCHYNĚ"
      ],
      "prices": [
        {
          "store_name": "Albert",
          "price": 47.9,
          "original_price": null,
          "unit_price": 239.5,
          "unit": "Kg",
          "package_size": "200 g",
          "condition": null
        }
      ],
      "description": null
    },
    {
      "name": "Zott Monte Snack",
      "brand": "Zott",
      "product_url": "https://wolt.com/cs/cze/prague/venue/albert-vinohradska/zott-monte-snack-itemid-64ca0b7cba162577de489310",
      "image_url": "https://imageproxy.wolt.com/menu/menu-images/64ffec4406cca0140dfab831/1eb17de2-8eba-11ee-8110-b6077702759d_26565972.jpg",
      "categories": [
        "MLÉČNÉ A CHLAZENÉ",
        "JOGURTY A DEZERTY"
      ],
      "prices": [
        {
          "store_name": "Albert",
          "price": 54.9,
          "original_price": null,
          "unit_price": 473.28,
          "unit": "Kg",
          "package_size": "116 g",
          "condition": null
        }
      ],
      "description": null
    },
    {
      "name": "Mars Mléčná čokoláda s nugátem a karamelem",
      "brand": "Mars",
      "product_url": "https://wolt.com/cs/cze/prague/venue/albert-vinohradska/mars-mlecna-cokolada-s-nugatem-a-karamelem-itemid-64ca0b7cba162577de488947",
      "image_url": "https://imageproxy.wolt.com/menu/menu-images/64ffec4406cca0140dfab831/afd9a802-8eac-11ee-81f2-3a6355b6d69b_20318765.jpg",
      "categories": [
        "TRVANLIVÉ",
        "SLADKOSTI"
      ],
      "prices": [
        {
          "store_name": "Albert",
          "price": null,
          "original_price": null,
          "unit_price": 370.59,
          "unit": "Kg",
          "package_size": "51 g",
          "condition": "Sleva"
        }
      ],
      "description": null
    },
    {
      "name": "Président Gouda 55% plátky",
      "brand": "Président",
      "product_url": "https://wolt.com/cs/cze/prague/venue/albert-vinohradska/president-gouda-55-platky-itemid-64ca0b7cba162577de4890bd",
      "image_url": "https://imageproxy.wolt.com/menu/menu-images/64ffec4406cca0140dfab831/f8401302-8eb5-11ee-a740-2672547c66c2_25660357.jpg",
      "categories": [
        "MLÉČNÉ A CHLAZENÉ",
        "SÝRY"
      ],
      "prices": [
        {
          "store_name": "Albert",
          "price": null,
          "original_price": null,
          "unit_price": 359.0,
          "unit": "Kg",
          "package_size": "100 g",
          "condition": "Sleva"
        }
      ],
      "description": null
    },
    {
      "name": "Nový Věk Kukuřičné lupínky s mořskou solí",
      "brand": "Nový",
      "product_url": "https://wolt.com/cs/cze/prague/venue/albert-vinohradska/novy-vek-kukuricne-lupinky-s-morskou-soli-itemid-64ca0b7cba162577de4898d2",
      "image_url": "https://imageproxy.wolt.com/menu/menu-images/64ffec4406cca0140dfab831/2d4dd842-8eb4-11ee-bfba-0208801a60c2_25255850.jpg",
      "categories": [
        "TRVANLIVÉ",
        "SLANÉ"
      ],
      "prices": [
        {
          "store_name": "Albert",
          "price": null,
          "original_price": null,
          "unit_price": 383.08,
          "unit": "Kg",
          "package_size": "65 g",
          "condition": "Sleva"
        }
      ],
      "description": null
    },
    {
      "name": "Albert Excellent Tapas sušená rajčata",
      "brand": "Albert Excellent",
      "product_url": "https://wolt.com/cs/cze/prague/venue/albert-vinohradska/albert-excellent-tapas-susena-rajcata-itemid-64ca0b7cba162577de489acd",
      "image_url": "https://imageproxy.wolt.com/menu/menu-images/64ffec4406cca0140dfab831/188c5056-8ec7-11ee-8fff-f6a0c6fd1153_27643495.jpg",
      "categories": [
        "UZENINY A LAHŮDKY",
        "TAPAS"
      ],
      "prices": [
        {
          "store_name": "Albert",
          "price": 69.0,
          "original_price": null,
          "unit_price": 627.27,
          "unit": "Kg",
          "package_size": "110 g",
          "condition": null
        }
      ],
      "description": null
    },
    {
      "name": "Vademecum Pro V White & Bright zubní pasta",
      "brand": "Vademecum",
      "product_url": "https://wolt.com/cs/cze/prague/venue/albert-vinohradska/vademecum-pro-v-white-bright-zubni-pasta-itemid-657233256818b938df948729",
      "image_url": "https://imageproxy.wolt.com/menu/menu-images/64ffec4406cca0140dfab831/ddd8b0cc-8eb6-11ee-9485-e2efa80c37b6_25851458.jpg",
      "categories": [
        "DROGERIE A KOSMETIKA",
        "ÚSTNÍ HYGIENA"
      ],
      "prices": [
        {
          "store_name": "Albert",
          "price": 79.9,
          "original_price": null,
          "unit_price": 1065.33,
          "unit": "l",
          "package_size": "75 ml",
          "condition": null
        }
      ],
      "description": null
    },
    {
      "name": "Birell Polotmavý citron",
      "brand": "Birell",
      "product_url": "https://wolt.com/cs/cze/prague/venue/albert-vinohradska/birell-polotmavy-citron-itemid-64ca0b7cba162577de4885d5",
      "image_url": "https://imageproxy.wolt.com/menu/menu-images/63ad795db242366d1f818f36/a691e7e0-0608-11ef-b26a-76a61c8a7aa2_26543116.jpg",
      "categories": [
        "NÁPOJE",
        "PIVA"
      ],
      "prices": [
        {
          "store_name": "Albert",
          "price": 24.9,
          "original_price": null,
          "unit_price": 49.8,
          "unit": "l",
          "package_size": "500 ml",
          "condition": null
        }
      ],
      "description": null
    },
    {
      "name": "Nature's Promise Bio Salát s mrkví praný",
      "brand": "Nature's Promise",
      "product_url": "https://wolt.com/cs/cze/prague/venue/albert-vinohradska/nature-s-promise-bio-salat-s-mrkvi-prany-itemid-64ca0b7cba162577de488d8f",
      "image_url": "https://imageproxy.wolt.com/menu/menu-images/64ffec4406cca0140dfab831/c9052e12-8ec2-11ee-8a20-f20dec45ea3c_27324585.jpg",
      "categories": [
        "OVOCE A ZELENINA",
        "ZELENINA"
      ],
      "prices": [
        {
          "store_name": "Albert",
          "price": null,
          "original_price": null,
          "unit_price": 181.21,
          "unit": "Kg",
          "package_size": "165 g",
          "condition": "Sleva"
        }
      ],
      "description": null
    },
    {
      "name": "Emma Slunečnice jádra",
      "brand": "Emma",
      "product_url": "https://wolt.com/cs/cze/prague/venue/albert-vinohradska/emma-slunecnice-jadra-itemid-64ca0b7cba162577de488091",
      "image_url": "https://imageproxy.wolt.com/menu/menu-images/63ad795db242366d1f818f36/f0a40550-d995-11ef-8a66-523043d0c3c9_23712201.jpg",
      "categories": [
        "OVOCE A ZELENINA",
        "SUCHÉ PLODY"
      ],
      "prices": [
        {
          "store_name": "Albert",
          "price": 16.9,
          "original_price": null,
          "unit_price": 169.0,
          "unit": "Kg",
          "package_size": "100 g",
          "condition": null
        }
      ],
      "description": null
    },
    {
      "name": "Albert Cheddar 50% plátky",
      "brand": "Albert",
      "product_url": "https://wolt.com/cs/cze/prague/venue/albert-vinohradska/albert-cheddar-50-platky-itemid-64ca0b7cba162577de488129",
      "image_url": "https://imageproxy.wolt.com/menu/menu-images/64ffec4406cca0140dfab831/7f00ad90-8ebe-11ee-a923-62c80973176d_27035382.jpg",
      "categories": [
        "MLÉČNÉ A CHLAZENÉ",
        "SÝRY"
      ],
      "prices": [
        {
          "store_name": "Albert",
          "price": 44.9,
          "original_price": null,
          "unit_price": 449.0,
          "unit": "Kg",
          "package_size": "100 g",
          "condition": null
        }
      ],
      "description": null
    },
    {
      "name": "Albert Jogurt třešeň",
      "brand": "Albert",
      "product_url": "https://wolt.com/cs/cze/prague/venue/albert-vinohradska/albert-jogurt-tresen-itemid-64ca0b7cba162577de488517",
      "image_url": "https://imageproxy.wolt.com/menu/menu-images/64ffec4406cca0140dfab831/46dd180c-8eb6-11ee-8a66-2a867062f6f7_25734454.jpg",
      "categories": [
        "MLÉČNÉ A CHLAZENÉ",
        "JOGURTY A DEZERTY"
      ],
      "prices": [
        {
          "store_name": "Albert",
          "price": 11.9,
          "original_price": null,
          "unit_price": 79.33,
          "unit": "Kg",
          "package_size": "150 g",
          "condition": null
        }
      ],
      "description": null
    },
    {
      "name": "Wrigleys Orbit meloun",
      "brand": "Wrigleys",
      "product_url": "https://wolt.com/cs/cze/prague/venue/albert-vinohradska/wrigleys-orbit-meloun-itemid-64ca0b7cba162577de489e5a",
      "image_url": "https://imageproxy.wolt.com/menu/menu-images/63ad795db242366d1f818f36/bc89d71c-f8ef-11ef-8e20-a650c7b09a6e_24195034.jpg",
      "categories": [
        "TRVANLIVÉ",
        "SLADKOSTI"
      ],
      "prices": [
        {
          "store_name": "Albert",
          "price": 74.9,
          "original_price": null,
          "unit_price": 1170.31,
          "unit": "Kg",
          "package_size": "64 g",
          "condition": null
        }
      ],
      "description": null
    },
    {
      "name": "Perla Čaj černý Rukeri Origins",
      "brand": "Perla",
      "product_url": "https://wolt.com/cs/cze/prague/venue/albert-vinohradska/perla-caj-cerny-rukeri-origins-itemid-651c878404aa154a3886e657",
      "image_url": "https://imageproxy.wolt.com/menu/menu-images/64ffec4406cca0140dfab831/eda93e68-8eca-11ee-9e67-e2f9e55071e5_27791370.jpg",
      "categories": [
        "NÁPOJE",
        "KÁVA A ČAJ"
      ],
      "prices": [
        {
          "store_name": "Albert",
          "price": 33.9,
          "original_price": null,
          "unit_price": 1130.0,
          "unit": "Kg",
          "package_size": "30 g",
          "condition": null
        }
      ],
      "description": null
    },
    {
      "name": "Albert Jogurt vanilka",
      "brand": "Albert",
      "product_url": "https://wolt.com/cs/cze/prague/venue/albert-vinohradska/albert-jogurt-vanilka-itemid-64ca0b7cba162577de488651",
      "image_url": "https://imageproxy.wolt.com/menu/menu-images/64ffec4406cca0140dfab831/84f810b2-8eb4-11ee-a957-feea992db910_25347333.jpg",
      "categories": [
        "MLÉČNÉ A CHLAZENÉ",
        "JOGURTY A DEZERTY"
      ],
      "prices": [
        {
          "store_name": "Albert",
          "price": 11.9,
          "original_price": null,
          "unit_price": 79.33,
          "unit": "Kg",
          "package_size": "150 g",
          "condition": null
        }
      ],
      "description": null
    },
    {
      "name": "Sanytol Dezinfekce na prádlo",
      "brand": "Sanytol",
      "product_url": "https://wolt.com/cs/cze/prague/venue/albert-vinohradska/sanytol-dezinfekce-na-pradlo-itemid-64ca0b7cba162577de488d61",
      "image_url": "https://imageproxy.wolt.com/menu/menu-images/63ad795db242366d1f818f36/e2339082-ed43-11ef-83d8-06245b475b2f_25317534.jpg",
      "categories": [
        "DROGERIE A KOSMETIKA",
        "PRACÍ PROSTŘEDKY"
      ],
      "prices": [
        {
          "store_name": "Albert",
          "price": 104.9,
          "original_price": null,
          "unit_price": 209.8,
          "unit": "l",
          "package_size": "500 ml",
          "condition": null
        }
      ],
      "description": null
    },
    {
      "name": "Herbarium Moravicum Muškát moravský",
      "brand": "Herbarium",
      "product_url": "https://wolt.com/cs/cze/prague/venue/albert-vinohradska/herbarium-moravicum-muskat-moravsky-itemid-657233256818b938df947aea",
      "image_url": "https://imageproxy.wolt.com/menu/menu-images/64ffec4406cca0140dfab831/a536296a-8eb7-11ee-a2db-3ed0b25e551d_26008080.jpg",
      "categories": [
        "NÁPOJE",
        "VÍNA"
      ],
      "prices": [
        {
          "store_name": "Albert",
          "price": 179.0,
          "original_price": null,
          "unit_price": 238.67,
          "unit": "l",
          "package_size": "750 ml, 11,3% alc",
          "condition": "18+"
        }
      ],
      "description": null
    },
    {
      "name": "Birell Active s příchutí citrus & zázvor",
      "brand": "Birell",
      "product_url": "https://wolt.com/cs/cze/prague/venue/albert-vinohradska/birell-active-s-prichuti-citrus-zazvor-itemid-681b5abffcbd67bf7a8f4a71",
      "image_url": "https://imageproxy.wolt.com/menu/menu-images/63ad795db242366d1f818f36/f5323962-2b47-11f0-81cb-ba885ec5a83e_27978221.jpg",
      "categories": [
        "NÁPOJE",
        "CIDERY"
      ],
      "prices": [
        {
          "store_name": "Albert",
          "price": 24.9,
          "original_price": null,
          "unit_price": 49.8,
          "unit": "l",
          "package_size": "500 ml, 0,4% alc",
          "condition": null
        }
      ],
      "description": null
    },
    {
      "name": "Zott Protein Pudink příchuť čokoláda",
      "brand": "Zott",
      "product_url": "https://wolt.com/cs/cze/prague/venue/albert-vinohradska/zott-protein-pudink-prichut-cokolada-itemid-681b5abffcbd67bf7a8f4a25",
      "image_url": "https://imageproxy.wolt.com/menu/menu-images/63ad795db242366d1f818f36/62b9fd40-2b47-11f0-8d14-1e4f01b2dfc5_27832707.jpg",
      "categories": [
        "MLÉČNÉ A CHLAZENÉ",
        "JOGURTY A DEZERTY"
      ],
      "prices": [
        {
          "store_name": "Albert",
          "price": 34.9,
          "original_price": null,
          "unit_price": 174.5,
          "unit": "Kg",
          "package_size": "200 g",
          "condition": null
        }
      ],
      "description": null
    },
    {
      "name": "Magnum Mini Almond",
      "brand": "Magnum",
      "product_url": "https://wolt.com/cs/cze/prague/venue/albert-vinohradska/magnum-mini-almond-itemid-6876153a0c6218e9f3e5f440",
      "image_url": "https://imageproxy.wolt.com/menu/menu-images/64b62ec5e5ab70cdc92e30f0/028946b6-616f-11f0-9007-aa3bb4f4f457_26930077.jpg",
      "categories": [
        "MRAŽENÉ POTRAVINY",
        "ZMRZLINA A NANUKY"
      ],
      "prices": [
        {
          "store_name": "Albert",
          "price": 194.0,
          "original_price": null,
          "unit_price": 587.88,
          "unit": "l",
          "package_size": "330 ml",
          "condition": null
        }
      ],
      "description": null
    },
    {
      "name": "Nestlé Cheerios cereálie",
      "brand": "Nestlé",
      "product_url": "https://wolt.com/cs/cze/prague/venue/albert-vinohradska/nestle-cheerios-cerealie-itemid-651c867397d84e33980c42a6",
      "image_url": "https://imageproxy.wolt.com/menu/menu-images/64ffec4406cca0140dfab831/92db5248-8ec8-11ee-b8ec-fec31b4d5ee4_27725955.jpg",
      "categories": [
        "TRVANLIVÉ",
        "MÜSLI A CEREÁLIE"
      ],
      "prices": [
        {
          "store_name": "Albert",
          "price": null,
          "original_price": null,
          "unit_price": 213.07,
          "unit": "Kg",
          "package_size": "375 g",
          "condition": "Sleva"
        }
      ],
      "description": null
    },
    {
      "name": "Teekanne Spánek a nervy bylinná směs",
      "brand": "Teekanne",
      "product_url": "https://wolt.com/cs/cze/prague/venue/albert-vinohradska/teekanne-spanek-a-nervy-bylinna-smes-itemid-64ca0b7cba162577de489acb",
      "image_url": "https://imageproxy.wolt.com/menu/menu-images/64ffec4406cca0140dfab831/867ab2d8-8eae-11ee-a216-faa0c7b9848f_22500335.jpg",
      "categories": [
        "NÁPOJE",
        "KÁVA A ČAJ"
      ],
      "prices": [
        {
          "store_name": "Albert",
          "price": 47.9,
          "original_price": null,
          "unit_price": 2395.0,
          "unit": "Kg",
          "package_size": "20 g",
          "condition": null
        }
      ],
      "description": null
    },
    {
      "name": "Mr. Brown Kávový nápoj",
      "brand": "Mr",
      "product_url": "https://wolt.com/cs/cze/prague/venue/albert-vinohradska/mr-brown-kavovy-napoj-itemid-64ca0b7cba162577de489f55",
      "image_url": "https://imageproxy.wolt.com/menu/menu-images/63ad795db242366d1f818f36/a2f4b958-9796-11ef-85d2-461a221c75c9_20853372.jpg",
      "categories": [
        "NÁPOJE",
        "ENERGY NÁPOJE"
      ],
      "prices": [
        {
          "store_name": "Albert",
          "price": 62.9,
          "original_price": null,
          "unit_price": 262.08,
          "unit": "l",
          "package_size": "240 ml",
          "condition": null
        }
      ],
      "description": null
    },
    {
      "name": "Poděbradka ProLinie Jemně perlivá citrónová",
      "brand": "Poděbradka",
      "product_url": "https://wolt.com/cs/cze/prague/venue/albert-vinohradska/podebradka-prolinie-jemne-perliva-citronova-itemid-64ca0b7cba162577de488a59",
      "image_url": "https://imageproxy.wolt.com/menu/menu-images/63ad795db242366d1f818f36/f0e518fe-7825-11f0-b985-badfb141c24e_23223486.jpg",
      "categories": [
        "NÁPOJE",
        "VODY A MINERÁLKY"
      ],
      "prices": [
        {
          "store_name": "Albert",
          "price": 13.9,
          "original_price": null,
          "unit_price": 9.27,
          "unit": "l",
          "package_size": "1,5 l",
          "condition": null
        }
      ],
      "description": null
    },
    {
      "name": "Petržel svazek",
      "brand": "Petržel",
      "product_url": "https://wolt.com/cs/cze/prague/venue/albert-vinohradska/petrzel-svazek-itemid-657233256818b938df9478f0",
      "image_url": "https://imageproxy.wolt.com/menu/menu-images/64ffec4406cca0140dfab831/fe9245da-8eac-11ee-a80d-06dbe2f769e5_20444105.jpg",
      "categories": [
        "OVOCE A ZELENINA",
        "ZELENINA"
      ],
      "prices": [
        {
          "store_name": "Albert",
          "price": 39.9,
          "original_price": null,
          "unit_price": 39.9,
          "unit": "ks",
          "package_size": "‪1‬ kus",
          "condition": null
        }
      ],
      "description": null
    },
    {
      "name": "Maxi Vita Herbal Očista jater",
      "brand": "Maxi",
      "product_url": "https://wolt.com/cs/cze/prague/venue/albert-vinohradska/maxi-vita-herbal-ocista-jater-itemid-64ca0b7cba162577de4891f4",
      "image_url": "https://imageproxy.wolt.com/menu/menu-images/64ffec4406cca0140dfab831/3a0f6acc-8eb5-11ee-b8fa-2672547c66c2_25521863.jpg",
      "categories": [
        "DROGERIE A KOSMETIKA",
        "ZDRAVÍ"
      ],
      "prices": [
        {
          "store_name": "Albert",
          "price": null,
          "original_price": null,
          "unit_price": 3.0,
          "unit": "ks",
          "package_size": "‪30‬ kusů",
          "condition": "Sleva"
        }
      ],
      "description": null
    },
    {
      "name": "Milko Tvarohová svačinka zahradní směs",
      "brand": "Milko",
      "product_url": "https://wolt.com/cs/cze/prague/venue/albert-vinohradska/milko-tvarohova-svacinka-zahradni-smes-itemid-64ca0b7cba162577de48957b",
      "image_url": "https://imageproxy.wolt.com/menu/menu-images/64ffec4406cca0140dfab831/b6c661c6-8eae-11ee-974a-6acfb8ed3f7f_22725424.jpg",
      "categories": [
        "MLÉČNÉ A CHLAZENÉ",
        "SÝRY"
      ],
      "prices": [
        {
          "store_name": "Albert",
          "price": 27.9,
          "original_price": null,
          "unit_price": 199.29,
          "unit": "Kg",
          "package_size": "140 g",
          "condition": null
        }
      ],
      "description": null
    },
    {
      "name": "Pfanner 100% růžový grep",
      "brand": "Pfanner",
      "product_url": "https://wolt.com/cs/cze/prague/venue/albert-vinohradska/pfanner-100-ruzovy-grep-itemid-657233256818b938df948aae",
      "image_url": "https://imageproxy.wolt.com/menu/menu-images/63ad795db242366d1f818f36/25ea20d4-4e4d-11ef-9500-bafc535819f7_22409300.jpg",
      "categories": [
        "NÁPOJE",
        "DŽUSY A NEKTARY"
      ],
      "prices": [
        {
          "store_name": "Albert",
          "price": 44.9,
          "original_price": null,
          "unit_price": 44.9,
          "unit": "l",
          "package_size": "1 l",
          "condition": null
        }
      ],
      "description": null
    },
    {
      "name": "Nowaco Obalovaný květák",
      "brand": "Nowaco",
      "product_url": "https://wolt.com/cs/cze/prague/venue/albert-vinohradska/nowaco-obalovany-kvetak-itemid-6876153a0c6218e9f3e5f45f",
      "image_url": "https://imageproxy.wolt.com/menu/menu-images/64b62ec5e5ab70cdc92e30f0/18f59724-616f-11f0-b2f4-a22d6f774ef1_27460894.jpg",
      "categories": [
        "MRAŽENÉ POTRAVINY",
        "MRAŽENÁ PIZZA A HOTOVÁ JÍDLA"
      ],
      "prices": [
        {
          "store_name": "Albert",
          "price": 49.9,
          "original_price": null,
          "unit_price": 124.75,
          "unit": "Kg",
          "package_size": "400 g",
          "condition": null
        }
      ],
      "description": null
    },
    {
      "name": "Pedigree Biscrok Original pamlsky pro psy",
      "brand": "Pedigree",
      "product_url": "https://wolt.com/cs/cze/prague/venue/albert-vinohradska/pedigree-biscrok-original-pamlsky-pro-psy-itemid-64ca0b7cba162577de488a69",
      "image_url": "https://imageproxy.wolt.com/menu/menu-images/64ffec4406cca0140dfab831/50f96efe-8eb0-11ee-a4cf-f2309c23f2b6_23734425.jpg",
      "categories": [
        "ZVÍŘATA",
        "PSI"
      ],
      "prices": [
        {
          "store_name": "Albert",
          "price": 49.9,
          "original_price": null,
          "unit_price": 249.5,
          "unit": "Kg",
          "package_size": "200 g",
          "condition": null
        }
      ],
      "description": null
    },
    {
      "name": "Captain Morgan Spiced Gold 35%",
      "brand": "Captain Morgan",
      "product_url": "https://wolt.com/cs/cze/prague/venue/albert-vinohradska/captain-morgan-spiced-gold-35-itemid-64ca0b7cba162577de489ca2",
      "image_url": "https://imageproxy.wolt.com/menu/menu-images/64ffec4406cca0140dfab831/415a6b78-8eb1-11ee-a073-0208801a60c2_24252591.jpg",
      "categories": [
        "NÁPOJE",
        "LIHOVINY"
      ],
      "prices": [
        {
          "store_name": "Albert",
          "price": 489.0,
          "original_price": null,
          "unit_price": 698.57,
          "unit": "l",
          "package_size": "700 ml, 35% alc",
          "condition": "18+"
        }
      ],
      "description": null
    },
    {
      "name": "Always Ultra Normal vložky s křidélky",
      "brand": "Always",
      "product_url": "https://wolt.com/cs/cze/prague/venue/albert-vinohradska/always-ultra-normal-vlozky-s-kridelky-itemid-64ca0b7cba162577de488f8d",
      "image_url": "https://imageproxy.wolt.com/menu/menu-images/63ad795db242366d1f818f36/16db5a6c-d671-11ee-ace6-4abe03d2e37e_23733626.jpg",
      "categories": [
        "DROGERIE A KOSMETIKA",
        "DÁMSKÉ HYG. POTŘEBY"
      ],
      "prices": [
        {
          "store_name": "Albert",
          "price": 219.0,
          "original_price": null,
          "unit_price": 5.48,
          "unit": "ks",
          "package_size": "‪40‬ kusů",
          "condition": null
        }
      ],
      "description": null
    },
    {
      "name": "Smetanito Se šunkou se šunkou",
      "brand": "Smetanito",
      "product_url": "https://wolt.com/cs/cze/prague/venue/albert-vinohradska/smetanito-se-sunkou-se-sunkou-itemid-64ca0b7cba162577de4882e5",
      "image_url": "https://imageproxy.wolt.com/menu/menu-images/63ad795db242366d1f818f36/c7558216-5efa-11ef-b009-f6cc5ff5ef9a_22947963.jpg",
      "categories": [
        "MLÉČNÉ A CHLAZENÉ",
        "SÝRY"
      ],
      "prices": [
        {
          "store_name": "Albert",
          "price": null,
          "original_price": null,
          "unit_price": 232.67,
          "unit": "Kg",
          "package_size": "150 g",
          "condition": "Sleva"
        }
      ],
      "description": null
    },
    {
      "name": "Albert Kopr řezaný vanička",
      "brand": "Albert",
      "product_url": "https://wolt.com/cs/cze/prague/venue/albert-vinohradska/albert-kopr-rezany-vanicka-itemid-64ca0b7cba162577de488205",
      "image_url": "https://imageproxy.wolt.com/menu/menu-images/64ffec4406cca0140dfab831/038d3554-8ead-11ee-a065-1ef82258dff4_20444488.jpg",
      "categories": [
        "OVOCE A ZELENINA",
        "BYLINKY A KOŘENÍ"
      ],
      "prices": [
        {
          "store_name": "Albert",
          "price": 34.9,
          "original_price": null,
          "unit_price": 1396.0,
          "unit": "Kg",
          "package_size": "25 g",
          "condition": null
        }
      ],
      "description": null
    },
    {
      "name": "Stará žitná myslivecká Reserve 40%",
      "brand": "Stará",
      "product_url": "https://wolt.com/cs/cze/prague/venue/albert-vinohradska/stara-zitna-myslivecka-reserve-40-itemid-64ca0b7cba162577de48a1e6",
      "image_url": "https://imageproxy.wolt.com/menu/menu-images/63ad795db242366d1f818f36/cc978656-7827-11f0-a45d-329465d45e45_27019825.jpg",
      "categories": [
        "NÁPOJE",
        "LIHOVINY"
      ],
      "prices": [
        {
          "store_name": "Albert",
          "price": 399.0,
          "original_price": null,
          "unit_price": 570.0,
          "unit": "l",
          "package_size": "700 ml, 40% alc",
          "condition": "18+"
        }
      ],
      "description": null
    },
    {
      "name": "Mitia for men Sprchový gel sapphire",
      "brand": "Mitia",
      "product_url": "https://wolt.com/cs/cze/prague/venue/albert-vinohradska/mitia-for-men-sprchovy-gel-sapphire-itemid-6601e3297a956136425c08c8",
      "image_url": "https://imageproxy.wolt.com/menu/menu-images/6601c613e48d1c8d95333085/73741112-eae2-11ee-9f6b-7af12948c363_24203753.jpg",
      "categories": [
        "DROGERIE A KOSMETIKA",
        "MÝDLA A GELY"
      ],
      "prices": [
        {
          "store_name": "Albert",
          "price": 59.9,
          "original_price": null,
          "unit_price": 149.75,
          "unit": "l",
          "package_size": "400 ml",
          "condition": null
        }
      ],
      "description": null
    },
    {
      "name": "Gillette Series Arctic Ice voda po holení",
      "brand": "Gillette",
      "product_url": "https://wolt.com/cs/cze/prague/venue/albert-vinohradska/gillette-series-arctic-ice-voda-po-holeni-itemid-64ca0b7cba162577de489f42",
      "image_url": "https://imageproxy.wolt.com/menu/menu-images/64ffec4406cca0140dfab831/2a0557f6-8eae-11ee-9d3f-5a1fea813fd4_21985584.jpg",
      "categories": [
        "DROGERIE A KOSMETIKA",
        "HOLENÍ A DEPILACE"
      ],
      "prices": [
        {
          "store_name": "Albert",
          "price": 239.0,
          "original_price": null,
          "unit_price": 2390.0,
          "unit": "l",
          "package_size": "100 ml",
          "condition": null
        }
      ],
      "description": null
    },
    {
      "name": "Nature's Promise Bio Kokosové mléko",
      "brand": "Nature's Promise",
      "product_url": "https://wolt.com/cs/cze/prague/venue/albert-vinohradska/nature-s-promise-bio-kokosove-mleko-itemid-64ca0b7cba162577de4892f0",
      "image_url": "https://imageproxy.wolt.com/menu/menu-images/63ad795db242366d1f818f36/16ce85e8-9d13-11f0-b97b-56ec112e8412_27546116.jpg",
      "categories": [
        "MLÉČNÉ A CHLAZENÉ",
        "ROSTLINNÉ PRODUKTY"
      ],
      "prices": [
        {
          "store_name": "Albert",
          "price": 49.9,
          "original_price": null,
          "unit_price": 124.75,
          "unit": "l",
          "package_size": "400 ml",
          "condition": "Vyprodáno"
        }
      ],
      "description": null
    },
    {
      "name": "Tatra Salko tradiční",
      "brand": "Tatra",
      "product_url": "https://wolt.com/cs/cze/prague/venue/albert-vinohradska/tatra-salko-tradicni-itemid-64ca0b7cba162577de48949c",
      "image_url": "https://imageproxy.wolt.com/menu/menu-images/64ffec4406cca0140dfab831/7789e9f8-8eac-11ee-be0c-ca775a3f94cd_20308278.jpg",
      "categories": [
        "MLÉČNÉ A CHLAZENÉ",
        "MLÉČNÉ NÁPOJE"
      ],
      "prices": [
        {
          "store_name": "Albert",
          "price": 72.9,
          "original_price": null,
          "unit_price": 183.63,
          "unit": "Kg",
          "package_size": "397 g",
          "condition": null
        }
      ],
      "description": null
    },
    {
      "name": "Nature's Promise Bio Kuřecí spodní stehna",
      "brand": "Nature's Promise",
      "product_url": "https://wolt.com/cs/cze/prague/venue/albert-vinohradska/nature-s-promise-bio-kureci-spodni-stehna-itemid-64ca0b7cba162577de488d87",
      "image_url": "https://imageproxy.wolt.com/menu/menu-images/64ffec4406cca0140dfab831/e6182886-8ec4-11ee-b704-12c42007f0a2_27501078.jpg",
      "categories": [
        "MASO A RYBY",
        "DRŮBEŽ"
      ],
      "prices": [
        {
          "store_name": "Albert",
          "price": null,
          "original_price": null,
          "unit_price": 244.22,
          "unit": "Kg",
          "package_size": "450 g",
          "condition": "Sleva, Vyprodáno"
        }
      ],
      "description": null
    },
    {
      "name": "Albert Excellent Tapas Španělské uzeniny",
      "brand": "Albert Excellent",
      "product_url": "https://wolt.com/cs/cze/prague/venue/albert-vinohradska/albert-excellent-tapas-spanelske-uzeniny-itemid-64ca0b7cba162577de489b13",
      "image_url": "https://imageproxy.wolt.com/menu/menu-images/63ad795db242366d1f818f36/99ef3630-8e26-11f0-845c-9a159895fdd2_27702376.jpg",
      "categories": [
        "UZENINY A LAHŮDKY",
        "TAPAS"
      ],
      "prices": [
        {
          "store_name": "Albert",
          "price": 119.0,
          "original_price": null,
          "unit_price": 700.0,
          "unit": "Kg",
          "package_size": "170 g",
          "condition": null
        }
      ],
      "description": null
    },
    {
      "name": "Lactovit Lactooil sprchový gel",
      "brand": "Lactovit",
      "product_url": "https://wolt.com/cs/cze/prague/venue/albert-vinohradska/lactovit-lactooil-sprchovy-gel-itemid-64ca0b7cba162577de4897f8",
      "image_url": "https://imageproxy.wolt.com/menu/menu-images/64ffec4406cca0140dfab831/6a9d4ca4-8ebf-11ee-9af8-76bc1f0dfb09_27114094.jpg",
      "categories": [
        "DROGERIE A KOSMETIKA",
        "MÝDLA A GELY"
      ],
      "prices": [
        {
          "store_name": "Albert",
          "price": 104.9,
          "original_price": null,
          "unit_price": 209.8,
          "unit": "l",
          "package_size": "500 ml",
          "condition": null
        }
      ],
      "description": null
    },
    {
      "name": "Friskies s lososem a zeleninou",
      "brand": "Friskies",
      "product_url": "https://wolt.com/cs/cze/prague/venue/albert-vinohradska/friskies-s-lososem-a-zeleninou-itemid-64ca0b7cba162577de489bec",
      "image_url": "https://imageproxy.wolt.com/menu/menu-images/64ffec4406cca0140dfab831/d6f754e6-8eae-11ee-a5e3-1a0ff625fca8_22865434.jpg",
      "categories": [
        "ZVÍŘATA",
        "KOČKY"
      ],
      "prices": [
        {
          "store_name": "Albert",
          "price": 219.0,
          "original_price": null,
          "unit_price": 128.82,
          "unit": "Kg",
          "package_size": "1,7 kg",
          "condition": null
        }
      ],
      "description": null
    },
    {
      "name": "Nature's Promise Kaše chia s jahodami",
      "brand": "Nature's Promise",
      "product_url": "https://wolt.com/cs/cze/prague/venue/albert-vinohradska/nature-s-promise-kase-chia-s-jahodami-itemid-64ca0b7cba162577de488daf",
      "image_url": "https://imageproxy.wolt.com/menu/menu-images/63ad795db242366d1f818f36/f6ba10b2-0608-11ef-afa1-76a61c8a7aa2_26896960.jpg",
      "categories": [
        "TRVANLIVÉ",
        "MÜSLI A CEREÁLIE"
      ],
      "prices": [
        {
          "store_name": "Albert",
          "price": 15.9,
          "original_price": null,
          "unit_price": 244.62,
          "unit": "Kg",
          "package_size": "65 g",
          "condition": null
        }
      ],
      "description": null
    },
    {
      "name": "Pedigree Kapsička Junior smíšený výběr v želé",
      "brand": "Pedigree",
      "product_url": "https://wolt.com/cs/cze/prague/venue/albert-vinohradska/pedigree-kapsicka-junior-smiseny-vyber-v-zele-itemid-64ca0b7cba162577de489bfb",
      "image_url": "https://imageproxy.wolt.com/menu/menu-images/64ffec4406cca0140dfab831/ddff5c6a-8eb4-11ee-a48a-e2efa80c37b6_25446722.jpg",
      "categories": [
        "ZVÍŘATA",
        "PSI"
      ],
      "prices": [
        {
          "store_name": "Albert",
          "price": 189.0,
          "original_price": null,
          "unit_price": 157.5,
          "unit": "Kg",
          "package_size": "1,2 kg",
          "condition": null
        }
      ],
      "description": null
    },
    {
      "name": "Albert Excellent Tapas Kozí sýr a červená řepa",
      "brand": "Albert Excellent",
      "product_url": "https://wolt.com/cs/cze/prague/venue/albert-vinohradska/albert-excellent-tapas-kozi-syr-a-cervena-repa-itemid-657233256818b938df948b94",
      "image_url": "https://imageproxy.wolt.com/menu/menu-images/63ad795db242366d1f818f36/9d11b054-8e26-11f0-b271-1a1ff9340d48_27712955.jpg",
      "categories": [
        "UZENINY A LAHŮDKY",
        "TAPAS"
      ],
      "prices": [
        {
          "store_name": "Albert",
          "price": 69.0,
          "original_price": null,
          "unit_price": 552.0,
          "unit": "Kg",
          "package_size": "125 g",
          "condition": null
        }
      ],
      "description": null
    },
    {
      "name": "Kitbis Lískooříškový krém",
      "brand": "Kitbis",
      "product_url": "https://wolt.com/cs/cze/prague/venue/albert-vinohradska/kitbis-liskooriskovy-krem-itemid-681b5abffcbd67bf7a8f4ad9",
      "image_url": "https://imageproxy.wolt.com/menu/menu-images/63ad795db242366d1f818f36/5c7ab3f2-2b47-11f0-b2e1-9e278bf1636b_27802441.jpg",
      "categories": [
        "TRVANLIVÉ",
        "MEDY A SL. POMAZÁNKY"
      ],
      "prices": [
        {
          "store_name": "Albert",
          "price": 67.9,
          "original_price": null,
          "unit_price": 169.75,
          "unit": "Kg",
          "package_size": "400 g",
          "condition": null
        }
      ],
      "description": null
    },
    {
      "name": "Kubík 100% jablko",
      "brand": "Kubík",
      "product_url": "https://wolt.com/cs/cze/prague/venue/albert-vinohradska/kubik-100-jablko-itemid-657233256818b938df9488e1",
      "image_url": "https://imageproxy.wolt.com/menu/menu-images/64ffec4406cca0140dfab831/18f16462-8eba-11ee-b951-76d8d681f910_26563572.jpg",
      "categories": [
        "NÁPOJE",
        "DŽUSY A NEKTARY"
      ],
      "prices": [
        {
          "store_name": "Albert",
          "price": 16.9,
          "original_price": null,
          "unit_price": 56.33,
          "unit": "l",
          "package_size": "300 ml",
          "condition": null
        }
      ],
      "description": null
    },
    {
      "name": "Vitana Badyán celý",
      "brand": "Vitana",
      "product_url": "https://wolt.com/cs/cze/prague/venue/albert-vinohradska/vitana-badyan-cely-itemid-64ca0b7cba162577de489932",
      "image_url": "https://imageproxy.wolt.com/menu/menu-images/64ffec4406cca0140dfab831/b9aeeb22-8eba-11ee-9238-1627932f216d_26684611.jpg",
      "categories": [
        "TRVANLIVÉ",
        "KOŘENÍ A OCHUCOVADLA"
      ],
      "prices": [
        {
          "store_name": "Albert",
          "price": 38.9,
          "original_price": null,
          "unit_price": 6483.33,
          "unit": "Kg",
          "package_size": "6 g",
          "condition": null
        }
      ],
      "description": null
    },
    {
      "name": "Emma Mandle blanšírované",
      "brand": "Emma",
      "product_url": "https://wolt.com/cs/cze/prague/venue/albert-vinohradska/emma-mandle-blansirovane-itemid-64ca0b7cba162577de489421",
      "image_url": "https://imageproxy.wolt.com/menu/menu-images/63ad795db242366d1f818f36/f4ae7fbc-66af-11ef-ac7e-f653ccdb48a3_23714168.jpg",
      "categories": [
        "OVOCE A ZELENINA",
        "SUCHÉ PLODY"
      ],
      "prices": [
        {
          "store_name": "Albert",
          "price": 77.9,
          "original_price": null,
          "unit_price": 389.5,
          "unit": "Kg",
          "package_size": "200 g",
          "condition": null
        }
      ],
      "description": null
    },
    {
      "name": "Labeta Toping čokoládový",
      "brand": "Labeta",
      "product_url": "https://wolt.com/cs/cze/prague/venue/albert-vinohradska/labeta-toping-cokoladovy-itemid-66021d85522301bdbcc9d3da",
      "image_url": "https://imageproxy.wolt.com/menu/menu-images/6601c613e48d1c8d95333085/42edda14-eae2-11ee-b11e-c6ec51218b94_22842466.jpg",
      "categories": [
        "TRVANLIVÉ",
        "PEČENÍ A VAŘENÍ"
      ],
      "prices": [
        {
          "store_name": "Albert",
          "price": 49.9,
          "original_price": null,
          "unit_price": 249.5,
          "unit": "Kg",
          "package_size": "200 g",
          "condition": null
        }
      ],
      "description": null
    },
    {
      "name": "Alpro Sójový nápoj s vanilkovou příchutí",
      "brand": "Alpro",
      "product_url": "https://wolt.com/cs/cze/prague/venue/albert-vinohradska/alpro-sojovy-napoj-s-vanilkovou-prichuti-itemid-64ca0b7cba162577de4899da",
      "image_url": "https://imageproxy.wolt.com/menu/menu-images/64ffec4406cca0140dfab831/c66f6854-8eb1-11ee-a6ab-e6fbf8d3c3b0_24534161.jpg",
      "categories": [
        "MLÉČNÉ A CHLAZENÉ",
        "ROSTLINNÉ PRODUKTY"
      ],
      "prices": [
        {
          "store_name": "Albert",
          "price": 35.9,
          "original_price": null,
          "unit_price": 143.6,
          "unit": "l",
          "package_size": "250 ml",
          "condition": null
        }
      ],
      "description": null
    },
    {
      "name": "Jar 3v1 Power sprej víceúčelový citron",
      "brand": "Jar",
      "product_url": "https://wolt.com/cs/cze/prague/venue/albert-vinohradska/jar-3v1-power-sprej-viceucelovy-citron-itemid-64ca0b7cba162577de48a5cb",
      "image_url": "https://imageproxy.wolt.com/menu/menu-images/64ffec4406cca0140dfab831/b21c7cdc-8ec7-11ee-b219-fae72eeefc2d_27672723.jpg",
      "categories": [
        "DROGERIE A KOSMETIKA",
        "MYTÍ NÁDOBÍ"
      ],
      "prices": [
        {
          "store_name": "Albert",
          "price": 79.9,
          "original_price": null,
          "unit_price": 159.8,
          "unit": "l",
          "package_size": "500 ml",
          "condition": null
        }
      ],
      "description": null
    },
    {
      "name": "Kachní čtvrtky zadní chlazené",
      "brand": "Kachní",
      "product_url": "https://wolt.com/cs/cze/prague/venue/albert-vinohradska/kachni-ctvrtky-zadni-chlazene-itemid-64ca0b7cba162577de48871f",
      "image_url": "https://imageproxy.wolt.com/menu/menu-images/64ffec4406cca0140dfab831/15d0c0be-8ead-11ee-8346-9a472ccb949a_20455972.jpg",
      "categories": [
        "MASO A RYBY",
        "DRŮBEŽ"
      ],
      "prices": [
        {
          "store_name": "Albert",
          "price": 142.8,
          "original_price": null,
          "unit_price": null,
          "unit": null,
          "package_size": null,
          "condition": null
        }
      ],
      "description": null
    },
    {
      "name": "Batiste Cherry suchý šampon",
      "brand": "Batiste",
      "product_url": "https://wolt.com/cs/cze/prague/venue/albert-vinohradska/batiste-cherry-suchy-sampon-itemid-64ca0b7cba162577de48a314",
      "image_url": "https://imageproxy.wolt.com/menu/menu-images/64ffec4406cca0140dfab831/532e2d40-8eba-11ee-bc27-76d18bdc0849_26608242.jpg",
      "categories": [
        "DROGERIE A KOSMETIKA",
        "PÉČE O VLASY"
      ],
      "prices": [
        {
          "store_name": "Albert",
          "price": 149.9,
          "original_price": null,
          "unit_price": 749.5,
          "unit": "l",
          "package_size": "200 ml",
          "condition": null
        }
      ],
      "description": null
    },
    {
      "name": "Kinder Pinguí Kokos",
      "brand": "Kinder",
      "product_url": "https://wolt.com/cs/cze/prague/venue/albert-vinohradska/kinder-pingui-kokos-itemid-64ca0b7cba162577de488a8d",
      "image_url": "https://imageproxy.wolt.com/menu/menu-images/64ffec4406cca0140dfab831/3be3acd8-8eaf-11ee-92bf-ee002dc5ca71_23221819.jpg",
      "categories": [
        "MLÉČNÉ A CHLAZENÉ",
        "JOGURTY A DEZERTY"
      ],
      "prices": [
        {
          "store_name": "Albert",
          "price": 24.9,
          "original_price": null,
          "unit_price": 830.0,
          "unit": "Kg",
          "package_size": "30 g",
          "condition": null
        }
      ],
      "description": null
    },
    {
      "name": "Madeta Madeland Fit 20% plátky",
      "brand": "Madeta",
      "product_url": "https://wolt.com/cs/cze/prague/venue/albert-vinohradska/madeta-madeland-fit-20-platky-itemid-64ca0b7cba162577de488655",
      "image_url": "https://imageproxy.wolt.com/menu/menu-images/64ffec4406cca0140dfab831/a751999e-8eb4-11ee-81ec-1e9e4c6f0bda_25378863.jpg",
      "categories": [
        "MLÉČNÉ A CHLAZENÉ",
        "SÝRY"
      ],
      "prices": [
        {
          "store_name": "Albert",
          "price": null,
          "original_price": null,
          "unit_price": 299.0,
          "unit": "Kg",
          "package_size": "100 g",
          "condition": "Sleva"
        }
      ],
      "description": null
    },
    {
      "name": "Giana Rýže parboiled",
      "brand": "Giana",
      "product_url": "https://wolt.com/cs/cze/prague/venue/albert-vinohradska/giana-ryze-parboiled-itemid-6601e282a821c14498a217e9",
      "image_url": "https://imageproxy.wolt.com/menu/menu-images/63ad795db242366d1f818f36/6ae4946e-f0d1-11ee-aa20-86032e276020_26452036.jpg",
      "categories": [
        "TRVANLIVÉ",
        "RÝŽE A LUŠTENINY"
      ],
      "prices": [
        {
          "store_name": "Albert",
          "price": 44.9,
          "original_price": null,
          "unit_price": 44.9,
          "unit": "Kg",
          "package_size": "1 kg",
          "condition": null
        }
      ],
      "description": null
    },
    {
      "name": "Bref Spa Moments Vitality WC blok",
      "brand": "Bref",
      "product_url": "https://wolt.com/cs/cze/prague/venue/albert-vinohradska/bref-spa-moments-vitality-wc-blok-itemid-64ca0b7cba162577de48a003",
      "image_url": "https://imageproxy.wolt.com/menu/menu-images/64ffec4406cca0140dfab831/f97e0aaa-8ebd-11ee-8849-faffdc4b9b96_26980232.jpg",
      "categories": [
        "DROGERIE A KOSMETIKA",
        "ČISTÍCÍ PROSTŘEDKY"
      ],
      "prices": [
        {
          "store_name": "Albert",
          "price": null,
          "original_price": null,
          "unit_price": 466.0,
          "unit": "Kg",
          "package_size": "150 g",
          "condition": "Sleva"
        }
      ],
      "description": null
    },
    {
      "name": "Bohemia Chips s příchutí Smetana a cibule",
      "brand": "Bohemia",
      "product_url": "https://wolt.com/cs/cze/prague/venue/albert-vinohradska/bohemia-chips-s-prichuti-smetana-a-cibule-itemid-64ca0b7cba162577de4882c9",
      "image_url": "https://imageproxy.wolt.com/menu/menu-images/64ffec4406cca0140dfab831/3db12c40-8ec1-11ee-82f6-fe512f326f5c_27228081.jpg",
      "categories": [
        "TRVANLIVÉ",
        "SLANÉ"
      ],
      "prices": [
        {
          "store_name": "Albert",
          "price": 59.9,
          "original_price": null,
          "unit_price": 460.77,
          "unit": "Kg",
          "package_size": "130 g",
          "condition": null
        }
      ],
      "description": null
    },
    {
      "name": "Franz Josef Kaiser Sušená rajčata",
      "brand": "Franz Josef Kaiser",
      "product_url": "https://wolt.com/cs/cze/prague/venue/albert-vinohradska/franz-josef-kaiser-susena-rajcata-itemid-657233256818b938df947b79",
      "image_url": "https://imageproxy.wolt.com/menu/menu-images/63ad795db242366d1f818f36/70a6590a-f0d1-11ee-844b-5eaf08ae38dd_27595268.jpg",
      "categories": [
        "TRVANLIVÉ",
        "KONZERVOVANÉ POTR."
      ],
      "prices": [
        {
          "store_name": "Albert",
          "price": 69.9,
          "original_price": null,
          "unit_price": 699.0,
          "unit": "Kg",
          "package_size": "100 g",
          "condition": null
        }
      ],
      "description": null
    },
    {
      "name": "Davidoff Café Crème Intense zrnková káva",
      "brand": "Davidoff",
      "product_url": "https://wolt.com/cs/cze/prague/venue/albert-vinohradska/davidoff-cafe-creme-intense-zrnkova-kava-itemid-64ca0b7cba162577de48a6f5",
      "image_url": "https://imageproxy.wolt.com/menu/menu-images/64ffec4406cca0140dfab831/e8a32472-8ec2-11ee-b3ec-3a9a41c1cb36_27333488.jpg",
      "categories": [
        "NÁPOJE",
        "KÁVA A ČAJ"
      ],
      "prices": [
        {
          "store_name": "Albert",
          "price": 499.0,
          "original_price": null,
          "unit_price": 998.0,
          "unit": "Kg",
          "package_size": "500 g",
          "condition": null
        }
      ],
      "description": null
    },
    {
      "name": "Mon Chéri Čokoládové bonbony s náplní",
      "brand": "Mon",
      "product_url": "https://wolt.com/cs/cze/prague/venue/albert-vinohradska/mon-cheri-cokoladove-bonbony-s-naplni-itemid-657233256818b938df9479b3",
      "image_url": "https://imageproxy.wolt.com/menu/menu-images/64ffec4406cca0140dfab831/b284e26a-8eac-11ee-9534-4e1b0e3e674e_20319311.jpg",
      "categories": [
        "TRVANLIVÉ",
        "SLADKOSTI"
      ],
      "prices": [
        {
          "store_name": "Albert",
          "price": 179.0,
          "original_price": null,
          "unit_price": 1132.91,
          "unit": "Kg",
          "package_size": "158 g",
          "condition": null
        }
      ],
      "description": null
    },
    {
      "name": "Seville Premium Černé olivy bez pecky",
      "brand": "Seville",
      "product_url": "https://wolt.com/cs/cze/prague/venue/albert-vinohradska/seville-premium-cerne-olivy-bez-pecky-itemid-64ca0b7cba162577de489c8b",
      "image_url": "https://imageproxy.wolt.com/menu/menu-images/64ffec4406cca0140dfab831/0eabc36c-8eb0-11ee-a593-be8c16d2d45a_23619760.jpg",
      "categories": [
        "TRVANLIVÉ",
        "KONZERVOVANÉ POTR."
      ],
      "prices": [
        {
          "store_name": "Albert",
          "price": 61.9,
          "original_price": null,
          "unit_price": 412.67,
          "unit": "Kg",
          "package_size": "150 g",
          "condition": null
        }
      ],
      "description": null
    },
    {
      "name": "Brynmor Flapjack Tyčinka pekany bez lepku",
      "brand": "Brynmor",
      "product_url": "https://wolt.com/cs/cze/prague/venue/albert-vinohradska/brynmor-flapjack-tycinka-pekany-bez-lepku-itemid-64ca0b7cba162577de489265",
      "image_url": "https://imageproxy.wolt.com/menu/menu-images/64ffec4406cca0140dfab831/1de09b58-8ebc-11ee-8115-76bc1f0dfb09_26820446.jpg",
      "categories": [
        "TRVANLIVÉ",
        "MÜSLI A CEREÁLIE"
      ],
      "prices": [
        {
          "store_name": "Albert",
          "price": null,
          "original_price": null,
          "unit_price": 336.25,
          "unit": "Kg",
          "package_size": "80 g",
          "condition": "Sleva"
        }
      ],
      "description": null
    },
    {
      "name": "Bílý Mlýn Kepka Ovesné vločky jemné",
      "brand": "Bílý",
      "product_url": "https://wolt.com/cs/cze/prague/venue/albert-vinohradska/bily-mlyn-kepka-ovesne-vlocky-jemne-itemid-64ca0b7cba162577de4884fb",
      "image_url": "https://imageproxy.wolt.com/menu/menu-images/63ad795db242366d1f818f36/a025e92a-be3e-11f0-be88-4eba1e29fd38_27106976.jpg",
      "categories": [
        "TRVANLIVÉ",
        "MÜSLI A CEREÁLIE"
      ],
      "prices": [
        {
          "store_name": "Albert",
          "price": 24.9,
          "original_price": null,
          "unit_price": 49.8,
          "unit": "Kg",
          "package_size": "500 g",
          "condition": null
        }
      ],
      "description": null
    },
    {
      "name": "Relax multivitamin červený",
      "brand": "Relax",
      "product_url": "https://wolt.com/cs/cze/prague/venue/albert-vinohradska/relax-multivitamin-cerveny-itemid-64ca0b7cba162577de4880cb",
      "image_url": "https://imageproxy.wolt.com/menu/menu-images/64ffec4406cca0140dfab831/d315098c-8eb2-11ee-a836-0208801a60c2_24893220.jpg",
      "categories": [
        "NÁPOJE",
        "DŽUSY A NEKTARY"
      ],
      "prices": [
        {
          "store_name": "Albert",
          "price": 24.9,
          "original_price": null,
          "unit_price": 24.9,
          "unit": "l",
          "package_size": "1 l",
          "condition": null
        }
      ],
      "description": null
    },
    {
      "name": "Coccolino aviváž Honeysuckle & Sandalwood",
      "brand": "Coccolino",
      "product_url": "https://wolt.com/cs/cze/prague/venue/albert-vinohradska/coccolino-avivaz-honeysuckle-sandalwood-itemid-64ca0b7cba162577de48a065",
      "image_url": "https://imageproxy.wolt.com/menu/menu-images/64ffec4406cca0140dfab831/8100b490-92e3-11ee-881c-5a48aed60327_26448343.jpg",
      "categories": [
        "DROGERIE A KOSMETIKA",
        "PRACÍ PROSTŘEDKY"
      ],
      "prices": [
        {
          "store_name": "Albert",
          "price": 119.9,
          "original_price": null,
          "unit_price": 2.35,
          "unit": "ks",
          "package_size": "‪51‬ kusů",
          "condition": null
        }
      ],
      "description": null
    },
    {
      "name": "STR8 Rise sprchový gel osvěžující",
      "brand": "STR8",
      "product_url": "https://wolt.com/cs/cze/prague/venue/albert-vinohradska/str8-rise-sprchovy-gel-osvezujici-itemid-64ca0b7cba162577de4897d4",
      "image_url": "https://imageproxy.wolt.com/menu/menu-images/64ffec4406cca0140dfab831/10812b5a-8ebf-11ee-884e-fea1896da317_27087176.jpg",
      "categories": [
        "DROGERIE A KOSMETIKA",
        "MÝDLA A GELY"
      ],
      "prices": [
        {
          "store_name": "Albert",
          "price": 99.9,
          "original_price": null,
          "unit_price": 249.75,
          "unit": "l",
          "package_size": "400 ml",
          "condition": null
        }
      ],
      "description": null
    },
    {
      "name": "Ponnath Bio Klobásky farmářské",
      "brand": "Ponnath",
      "product_url": "https://wolt.com/cs/cze/prague/venue/albert-vinohradska/ponnath-bio-klobasky-farmarske-itemid-651c842410b8d354833088b3",
      "image_url": "https://imageproxy.wolt.com/menu/menu-images/64ffec4406cca0140dfab831/5e06d6f0-8ec8-11ee-b349-7639dadf697f_27717066.jpg",
      "categories": [
        "UZENINY A LAHŮDKY",
        "PÁRKY A KLOBÁSY"
      ],
      "prices": [
        {
          "store_name": "Albert",
          "price": null,
          "original_price": null,
          "unit_price": 349.5,
          "unit": "Kg",
          "package_size": "200 g",
          "condition": "Sleva"
        }
      ],
      "description": null
    },
    {
      "name": "Solsanka Mořská sůl hrubozrnná",
      "brand": "Solsanka",
      "product_url": "https://wolt.com/cs/cze/prague/venue/albert-vinohradska/solsanka-morska-sul-hrubozrnna-itemid-64ca0b7cba162577de489ecd",
      "image_url": "https://imageproxy.wolt.com/menu/menu-images/64ffec4406cca0140dfab831/02e3293a-8eb5-11ee-98db-7217cc85b990_25464115.jpg",
      "categories": [
        "TRVANLIVÉ",
        "KOŘENÍ A OCHUCOVADLA"
      ],
      "prices": [
        {
          "store_name": "Albert",
          "price": 29.9,
          "original_price": null,
          "unit_price": 29.9,
          "unit": "Kg",
          "package_size": "1 kg",
          "condition": null
        }
      ],
      "description": null
    },
    {
      "name": "Croissant s náplní mille-feuille",
      "brand": null,
      "product_url": "https://wolt.com/cs/cze/prague/venue/albert-vinohradska/croissant-s-naplni-mille-feuille-itemid-660201afaf091defec9ef94d",
      "image_url": "https://imageproxy.wolt.com/menu/menu-images/6601c613e48d1c8d95333085/66b2cd26-eae5-11ee-91c4-4edc7219f866_27838662.jpg",
      "categories": [
        "PEKÁRNA A CUKRÁRNA",
        "SLADKÉ PEČIVO BALENÉ"
      ],
      "prices": [
        {
          "store_name": "Albert",
          "price": 16.9,
          "original_price": null,
          "unit_price": 241.43,
          "unit": "Kg",
          "package_size": "70 g",
          "condition": null
        }
      ],
      "description": null
    },
    {
      "name": "Albert Excellent Sous Vide Kachní stehna",
      "brand": "Albert Excellent",
      "product_url": "https://wolt.com/cs/cze/prague/venue/albert-vinohradska/albert-excellent-sous-vide-kachni-stehna-itemid-64ca0b7cba162577de488887",
      "image_url": "https://imageproxy.wolt.com/menu/menu-images/64ffec4406cca0140dfab831/8dd00774-8ec0-11ee-817b-c60fee242f1d_27185940.jpg",
      "categories": [
        "MASO A RYBY",
        "DRŮBEŽ"
      ],
      "prices": [
        {
          "store_name": "Albert",
          "price": 169.0,
          "original_price": null,
          "unit_price": 307.27,
          "unit": "Kg",
          "package_size": "550 g",
          "condition": null
        }
      ],
      "description": null
    },
    {
      "name": "Il Conte di Roma Papričky PIRI-PIRI",
      "brand": "Il",
      "product_url": "https://wolt.com/cs/cze/prague/venue/albert-vinohradska/il-conte-di-roma-papricky-piri-piri-itemid-657233256818b938df94863e",
      "image_url": "https://imageproxy.wolt.com/menu/menu-images/64ffec4406cca0140dfab831/876bb4de-8eaf-11ee-b159-76e61dd676ec_23344655.jpg",
      "categories": [
        "TRVANLIVÉ",
        "KONZERVOVANÉ POTR."
      ],
      "prices": [
        {
          "store_name": "Albert",
          "price": 44.9,
          "original_price": null,
          "unit_price": 997.78,
          "unit": "Kg",
          "package_size": "45 g",
          "condition": null
        }
      ],
      "description": null
    },
    {
      "name": "Hašlerky Višeň",
      "brand": "Hašlerky",
      "product_url": "https://wolt.com/cs/cze/prague/venue/albert-vinohradska/haslerky-visen-itemid-657233256818b938df947cec",
      "image_url": "https://imageproxy.wolt.com/menu/menu-images/64ffec4406cca0140dfab831/7a124a36-8eba-11ee-91dc-b6077702759d_26632377.jpg",
      "categories": [
        "TRVANLIVÉ",
        "SLADKOSTI"
      ],
      "prices": [
        {
          "store_name": "Albert",
          "price": 19.9,
          "original_price": null,
          "unit_price": 221.11,
          "unit": "Kg",
          "package_size": "90 g",
          "condition": null
        }
      ],
      "description": null
    },
    {
      "name": "Le Coq Cosmopolitan Koktejl 4,7%",
      "brand": "Le Coq",
      "product_url": "https://wolt.com/cs/cze/prague/venue/albert-vinohradska/le-coq-cosmopolitan-koktejl-4-7-itemid-657233256818b938df948bde",
      "image_url": "https://imageproxy.wolt.com/menu/menu-images/64ffec4406cca0140dfab831/dd777284-8ec1-11ee-80d1-8a641e6c096e_27265468.jpg",
      "categories": [
        "NÁPOJE",
        "LIHOVINY"
      ],
      "prices": [
        {
          "store_name": "Albert",
          "price": 44.9,
          "original_price": null,
          "unit_price": 136.06,
          "unit": "l",
          "package_size": "330 ml, 4,7% alc",
          "condition": "18+"
        }
      ],
      "description": null
    },
    {
      "name": "Jupí Sirup aloe vera",
      "brand": "Jupí",
      "product_url": "https://wolt.com/cs/cze/prague/venue/albert-vinohradska/jupi-sirup-aloe-vera-itemid-657233256818b938df948627",
      "image_url": "https://imageproxy.wolt.com/menu/menu-images/63ad795db242366d1f818f36/3872be00-4e4d-11ef-8b20-b2888e0a1b5d_24898102.jpg",
      "categories": [
        "NÁPOJE",
        "SIRUPY A KONCENTRÁTY"
      ],
      "prices": [
        {
          "store_name": "Albert",
          "price": 54.9,
          "original_price": null,
          "unit_price": 78.43,
          "unit": "l",
          "package_size": "700 ml",
          "condition": null
        }
      ],
      "description": null
    },
    {
      "name": "Cantine di Ora Valpolicella Ripasso DOC",
      "brand": "Cantine",
      "product_url": "https://wolt.com/cs/cze/prague/venue/albert-vinohradska/cantine-di-ora-valpolicella-ripasso-doc-itemid-64ca0b7cba162577de48a199",
      "image_url": "https://imageproxy.wolt.com/menu/menu-images/64ffec4406cca0140dfab831/56529f40-8ebc-11ee-8ff0-fe8631c3d5e9_26832234.jpg",
      "categories": [
        "NÁPOJE",
        "VÍNA"
      ],
      "prices": [
        {
          "store_name": "Albert",
          "price": 359.0,
          "original_price": null,
          "unit_price": 478.67,
          "unit": "l",
          "package_size": "750 ml, 14% alc",
          "condition": "18+"
        }
      ],
      "description": null
    },
    {
      "name": "L&M Loft True Blue KS SLI",
      "brand": "L&M",
      "product_url": "https://wolt.com/cs/cze/prague/venue/albert-vinohradska/l-m-loft-true-blue-ks-sli-itemid-64ca0b7cba162577de488adb",
      "image_url": "https://imageproxy.wolt.com/menu/menu-images/64ffec4406cca0140dfab831/6a3ee0a0-8eb6-11ee-bc4c-eadf6ce36c9d_25744392.jpg",
      "categories": [
        "DOMÁCNOST A ZAHRADA",
        "CIGARETY"
      ],
      "prices": [
        {
          "store_name": "Albert",
          "price": 156.0,
          "original_price": null,
          "unit_price": 156.0,
          "unit": "ks",
          "package_size": "‪1‬ kus",
          "condition": "18+"
        }
      ],
      "description": null
    },
    {
      "name": "Giana Tresčí játra ve vlastním oleji",
      "brand": "Giana",
      "product_url": "https://wolt.com/cs/cze/prague/venue/albert-vinohradska/giana-tresci-jatra-ve-vlastnim-oleji-itemid-64ca0b7cba162577de489cc2",
      "image_url": "https://imageproxy.wolt.com/menu/menu-images/64ffec4406cca0140dfab831/7532e654-8eb2-11ee-85f0-1ec840397d06_24762281.jpg",
      "categories": [
        "TRVANLIVÉ",
        "KONZERVOVANÉ POTR."
      ],
      "prices": [
        {
          "store_name": "Albert",
          "price": 79.9,
          "original_price": null,
          "unit_price": 694.78,
          "unit": "Kg",
          "package_size": "115 g",
          "condition": null
        }
      ],
      "description": null
    },
    {
      "name": "Bzenecký ocet kvasný lihový",
      "brand": "Bzenecký",
      "product_url": "https://wolt.com/cs/cze/prague/venue/albert-vinohradska/bzenecky-ocet-kvasny-lihovy-itemid-64ca0b7cba162577de4880a1",
      "image_url": "https://imageproxy.wolt.com/menu/menu-images/64ffec4406cca0140dfab831/eaebb54c-8ead-11ee-bec0-a64f6127a8cf_21454158.jpg",
      "categories": [
        "TRVANLIVÉ",
        "OLEJE A OCTY"
      ],
      "prices": [
        {
          "store_name": "Albert",
          "price": 28.9,
          "original_price": null,
          "unit_price": 28.9,
          "unit": "l",
          "package_size": "1 l",
          "condition": null
        }
      ],
      "description": null
    },
    {
      "name": "Caro originál",
      "brand": "Caro",
      "product_url": "https://wolt.com/cs/cze/prague/venue/albert-vinohradska/caro-original-itemid-64ca0b7cba162577de488ccb",
      "image_url": "https://imageproxy.wolt.com/menu/menu-images/64ffec4406cca0140dfab831/926ef21a-8eaf-11ee-8a3b-361f92ce8d2c_23393066.jpg",
      "categories": [
        "NÁPOJE",
        "INSTANTNÍ NÁPOJE"
      ],
      "prices": [
        {
          "store_name": "Albert",
          "price": 169.0,
          "original_price": null,
          "unit_price": 845.0,
          "unit": "Kg",
          "package_size": "200 g",
          "condition": null
        }
      ],
      "description": null
    },
    {
      "name": "Albert Instantní polévka gulášová",
      "brand": "Albert",
      "product_url": "https://wolt.com/cs/cze/prague/venue/albert-vinohradska/albert-instantni-polevka-gulasova-itemid-6602050f200aa92c798a79b5",
      "image_url": "https://imageproxy.wolt.com/menu/menu-images/6601c613e48d1c8d95333085/f2776c92-eae3-11ee-bebc-d6ce440b79c5_27305713.jpg",
      "categories": [
        "TRVANLIVÉ",
        "INSTANTNÍ POKRMY"
      ],
      "prices": [
        {
          "store_name": "Albert",
          "price": 6.9,
          "original_price": null,
          "unit_price": 345.0,
          "unit": "Kg",
          "package_size": "20 g",
          "condition": null
        }
      ],
      "description": null
    },
    {
      "name": "Rauch Happy Day 100% jablečná šťáva",
      "brand": "Rauch",
      "product_url": "https://wolt.com/cs/cze/prague/venue/albert-vinohradska/rauch-happy-day-100-jablecna-stava-itemid-657233256818b938df948a28",
      "image_url": "https://imageproxy.wolt.com/menu/menu-images/64ffec4406cca0140dfab831/e39f7724-8ead-11ee-b880-2a31a2186d9b_21430206.jpg",
      "categories": [
        "NÁPOJE",
        "DŽUSY A NEKTARY"
      ],
      "prices": [
        {
          "store_name": "Albert",
          "price": 59.9,
          "original_price": null,
          "unit_price": 59.9,
          "unit": "l",
          "package_size": "1 l",
          "condition": null
        }
      ],
      "description": null
    },
    {
      "name": "Patak's Butter chicken Smetanová omáčka",
      "brand": "Patak's",
      "product_url": "https://wolt.com/cs/cze/prague/venue/albert-vinohradska/patak-s-butter-chicken-smetanova-omacka-itemid-64ca0b7cba162577de48a5bd",
      "image_url": "https://imageproxy.wolt.com/menu/menu-images/64ffec4406cca0140dfab831/61d933f8-8ec4-11ee-b91a-fae72eeefc2d_27470268.jpg",
      "categories": [
        "TRVANLIVÉ",
        "MEZINÁRODNÍ KUCHYNĚ"
      ],
      "prices": [
        {
          "store_name": "Albert",
          "price": 93.9,
          "original_price": null,
          "unit_price": 208.67,
          "unit": "Kg",
          "package_size": "450 g",
          "condition": null
        }
      ],
      "description": null
    },
    {
      "name": "Marlboro Gold 2.0 original",
      "brand": "Marlboro",
      "product_url": "https://wolt.com/cs/cze/prague/venue/albert-vinohradska/marlboro-gold-2-0-original-itemid-64ca0b7cba162577de488c13",
      "image_url": "https://imageproxy.wolt.com/menu/menu-images/64ffec4406cca0140dfab831/7fca3c44-8eac-11ee-9ead-9a472ccb949a_20309602.jpg",
      "categories": [
        "DOMÁCNOST A ZAHRADA",
        "CIGARETY"
      ],
      "prices": [
        {
          "store_name": "Albert",
          "price": 174.0,
          "original_price": null,
          "unit_price": 174.0,
          "unit": "ks",
          "package_size": "‪1‬ kus",
          "condition": "18+"
        }
      ],
      "description": null
    },
    {
      "name": "Jihlavanka Standard Káva original pražená mletá",
      "brand": "Jihlavanka",
      "product_url": "https://wolt.com/cs/cze/prague/venue/albert-vinohradska/jihlavanka-standard-kava-original-prazena-mleta-itemid-651c8739af8bb3e5826edf98",
      "image_url": "https://imageproxy.wolt.com/menu/menu-images/64ffec4406cca0140dfab831/5ba0192e-8eac-11ee-b86e-9efff91d0ab5_20302610.jpg",
      "categories": [
        "NÁPOJE",
        "KÁVA A ČAJ"
      ],
      "prices": [
        {
          "store_name": "Albert",
          "price": null,
          "original_price": null,
          "unit_price": 399.33,
          "unit": "Kg",
          "package_size": "150 g",
          "condition": "Sleva"
        }
      ],
      "description": null
    },
    {
      "name": "Jupí Sirup pomeranč",
      "brand": "Jupí",
      "product_url": "https://wolt.com/cs/cze/prague/venue/albert-vinohradska/jupi-sirup-pomeranc-itemid-64ca0b7cba162577de489f15",
      "image_url": "https://imageproxy.wolt.com/menu/menu-images/63ad795db242366d1f818f36/2220488e-4e4d-11ef-b39b-9aeb66e479d1_20731533.jpg",
      "categories": [
        "NÁPOJE",
        "SIRUPY A KONCENTRÁTY"
      ],
      "prices": [
        {
          "store_name": "Albert",
          "price": 199.0,
          "original_price": null,
          "unit_price": 66.33,
          "unit": "l",
          "package_size": "3 l",
          "condition": null
        }
      ],
      "description": null
    },
    {
      "name": "Božkov Republica Mojito",
      "brand": "Božkov",
      "product_url": "https://wolt.com/cs/cze/prague/venue/albert-vinohradska/bozkov-republica-mojito-itemid-651c845c8bcb062eef30e3af",
      "image_url": "https://imageproxy.wolt.com/menu/menu-images/64ffec4406cca0140dfab831/3bb00408-8eca-11ee-8583-ba65d8c33d05_27773505.jpg",
      "categories": [
        "NÁPOJE",
        "LIHOVINY"
      ],
      "prices": [
        {
          "store_name": "Albert",
          "price": 54.9,
          "original_price": null,
          "unit_price": 219.6,
          "unit": "l",
          "package_size": "250 ml, 6% alc",
          "condition": "18+"
        }
      ],
      "description": null
    },
    {
      "name": "Felix Fantastic Duo výběr multipack",
      "brand": "Felix",
      "product_url": "https://wolt.com/cs/cze/prague/venue/albert-vinohradska/felix-fantastic-duo-vyber-multipack-itemid-64ca0b7cba162577de4889c3",
      "image_url": "https://imageproxy.wolt.com/menu/menu-images/64ffec4406cca0140dfab831/772fa4fe-8ec3-11ee-b42f-2289f94b8ae4_27383377.jpg",
      "categories": [
        "ZVÍŘATA",
        "KOČKY"
      ],
      "prices": [
        {
          "store_name": "Albert",
          "price": 129.9,
          "original_price": null,
          "unit_price": 127.35,
          "unit": "Kg",
          "package_size": "1,02 kg",
          "condition": null
        }
      ],
      "description": null
    },
    {
      "name": "Birell Pomelo a grep",
      "brand": "Birell",
      "product_url": "https://wolt.com/cs/cze/prague/venue/albert-vinohradska/birell-pomelo-a-grep-itemid-64ca0b7cba162577de48826f",
      "image_url": "https://imageproxy.wolt.com/menu/menu-images/63ad795db242366d1f818f36/96a7b7ec-0608-11ef-98c3-4644db3ec22e_26297903.jpg",
      "categories": [
        "NÁPOJE",
        "PIVA"
      ],
      "prices": [
        {
          "store_name": "Albert",
          "price": 24.9,
          "original_price": null,
          "unit_price": 49.8,
          "unit": "l",
          "package_size": "500 ml",
          "condition": null
        }
      ],
      "description": null
    },
    {
      "name": "Nature's Promise Bio Rajčata keříková",
      "brand": "Nature's Promise",
      "product_url": "https://wolt.com/cs/cze/prague/venue/albert-vinohradska/nature-s-promise-bio-rajcata-kerikova-itemid-657233256818b938df9483f8",
      "image_url": "https://imageproxy.wolt.com/menu/menu-images/63ad795db242366d1f818f36/29878b50-2b47-11f0-80b5-cec582805bda_27186244.jpg",
      "categories": [
        "OVOCE A ZELENINA",
        "ZELENINA"
      ],
      "prices": [
        {
          "store_name": "Albert",
          "price": null,
          "original_price": null,
          "unit_price": 69.8,
          "unit": "Kg",
          "package_size": "500 g",
          "condition": "Sleva, Vyprodáno"
        }
      ],
      "description": null
    },
    {
      "name": "Antica Cantina Dip s taveným sýrem pálivý",
      "brand": "Antica",
      "product_url": "https://wolt.com/cs/cze/prague/venue/albert-vinohradska/antica-cantina-dip-s-tavenym-syrem-palivy-itemid-64ca0b7cba162577de48a0c1",
      "image_url": "https://imageproxy.wolt.com/menu/menu-images/64ffec4406cca0140dfab831/5957f656-8eba-11ee-a246-2a789dffa3ae_26618869.jpg",
      "categories": [
        "TRVANLIVÉ",
        "MEZINÁRODNÍ KUCHYNĚ"
      ],
      "prices": [
        {
          "store_name": "Albert",
          "price": 99.9,
          "original_price": null,
          "unit_price": 333.0,
          "unit": "Kg",
          "package_size": "300 g",
          "condition": null
        }
      ],
      "description": null
    },
    {
      "name": "Rexona Men Cobalt Dry tuhý antiperspirant",
      "brand": "Rexona",
      "product_url": "https://wolt.com/cs/cze/prague/venue/albert-vinohradska/rexona-men-cobalt-dry-tuhy-antiperspirant-itemid-64ca0b7cba162577de489ca5",
      "image_url": "https://imageproxy.wolt.com/menu/menu-images/64ffec4406cca0140dfab831/e0b4f39e-8eae-11ee-948f-2e6db99b5925_22878854.jpg",
      "categories": [
        "DROGERIE A KOSMETIKA",
        "DEODORANTY"
      ],
      "prices": [
        {
          "store_name": "Albert",
          "price": 76.9,
          "original_price": null,
          "unit_price": 1538.0,
          "unit": "l",
          "package_size": "50 ml",
          "condition": null
        }
      ],
      "description": null
    },
    {
      "name": "Pickwick Ovocný čaj sladká jahoda",
      "brand": "Pickwick",
      "product_url": "https://wolt.com/cs/cze/prague/venue/albert-vinohradska/pickwick-ovocny-caj-sladka-jahoda-itemid-64ca0b7cba162577de489638",
      "image_url": "https://imageproxy.wolt.com/menu/menu-images/63ad795db242366d1f818f36/44d92db4-bbe4-11ef-ac14-ba94c6c57d00_26928180.jpg",
      "categories": [
        "NÁPOJE",
        "KÁVA A ČAJ"
      ],
      "prices": [
        {
          "store_name": "Albert",
          "price": 32.9,
          "original_price": null,
          "unit_price": 822.5,
          "unit": "Kg",
          "package_size": "40 g",
          "condition": null
        }
      ],
      "description": null
    },
    {
      "name": "Krahulík Klobása gombasecká",
      "brand": "Krahulík",
      "product_url": "https://wolt.com/cs/cze/prague/venue/albert-vinohradska/krahulik-klobasa-gombasecka-itemid-657233256818b938df947867",
      "image_url": "https://imageproxy.wolt.com/menu/menu-images/63ad795db242366d1f818f36/7a69ad18-d995-11ef-a2cd-5ea598f75303_25458428.jpg",
      "categories": [
        "UZENINY A LAHŮDKY",
        "PÁRKY A KLOBÁSY"
      ],
      "prices": [
        {
          "store_name": "Albert",
          "price": 64.9,
          "original_price": null,
          "unit_price": 381.76,
          "unit": "Kg",
          "package_size": "170 g",
          "condition": null
        }
      ],
      "description": null
    },
    {
      "name": "Albert Puding příchuť vanilka",
      "brand": "Albert",
      "product_url": "https://wolt.com/cs/cze/prague/venue/albert-vinohradska/albert-puding-prichut-vanilka-itemid-64ca0b7cba162577de488c6d",
      "image_url": "https://imageproxy.wolt.com/menu/menu-images/64ffec4406cca0140dfab831/46a047e8-8ec4-11ee-97f7-52a4ddf1765f_27460122.jpg",
      "categories": [
        "TRVANLIVÉ",
        "PEČENÍ A VAŘENÍ"
      ],
      "prices": [
        {
          "store_name": "Albert",
          "price": 11.9,
          "original_price": null,
          "unit_price": 107.21,
          "unit": "Kg",
          "package_size": "111 g",
          "condition": null
        }
      ],
      "description": null
    },
    {
      "name": "Nature's Promise Bio Pomazánka fazole a chilli",
      "brand": "Nature's Promise",
      "product_url": "https://wolt.com/cs/cze/prague/venue/albert-vinohradska/nature-s-promise-bio-pomazanka-fazole-a-chilli-itemid-64ca0b7cba162577de4892ec",
      "image_url": "https://imageproxy.wolt.com/menu/menu-images/63ad795db242366d1f818f36/0d27c862-ed44-11ef-af1b-6eddd4eee50d_26818511.jpg",
      "categories": [
        "UZENINY A LAHŮDKY",
        "SALÁTY A POMAZÁNKY"
      ],
      "prices": [
        {
          "store_name": "Albert",
          "price": null,
          "original_price": null,
          "unit_price": 199.2,
          "unit": "Kg",
          "package_size": "125 g",
          "condition": "Sleva"
        }
      ],
      "description": null
    },
    {
      "name": "Bohemia Křupky arašídové",
      "brand": "Bohemia",
      "product_url": "https://wolt.com/cs/cze/prague/venue/albert-vinohradska/bohemia-krupky-arasidove-itemid-64ca0b7cba162577de48955d",
      "image_url": "https://imageproxy.wolt.com/menu/menu-images/63ad795db242366d1f818f36/2a120a10-0608-11ef-9339-eee0e95b6c18_20719609.jpg",
      "categories": [
        "TRVANLIVÉ",
        "SLANÉ"
      ],
      "prices": [
        {
          "store_name": "Albert",
          "price": 29.9,
          "original_price": null,
          "unit_price": 299.0,
          "unit": "Kg",
          "package_size": "100 g",
          "condition": null
        }
      ],
      "description": null
    },
    {
      "name": "Albert Salát Little gem",
      "brand": "Albert",
      "product_url": "https://wolt.com/cs/cze/prague/venue/albert-vinohradska/albert-salat-little-gem-itemid-64ca0b7cba162577de48856d",
      "image_url": "https://imageproxy.wolt.com/menu/menu-images/64ffec4406cca0140dfab831/fa295bee-8eae-11ee-8254-56164190c6db_22957375.jpg",
      "categories": [
        "OVOCE A ZELENINA",
        "ZELENINA"
      ],
      "prices": [
        {
          "store_name": "Albert",
          "price": 29.9,
          "original_price": null,
          "unit_price": 14.95,
          "unit": "ks",
          "package_size": "‪2‬ kusů",
          "condition": "Vyprodáno"
        }
      ],
      "description": null
    },
    {
      "name": "Korunní Mango jemně perlivá",
      "brand": "Korunní",
      "product_url": "https://wolt.com/cs/cze/prague/venue/albert-vinohradska/korunni-mango-jemne-perliva-itemid-64ca0b7cba162577de489502",
      "image_url": "https://imageproxy.wolt.com/menu/menu-images/64ffec4406cca0140dfab831/7bd1064a-8eb1-11ee-a310-865f2970631c_24386463.jpg",
      "categories": [
        "NÁPOJE",
        "VODY A MINERÁLKY"
      ],
      "prices": [
        {
          "store_name": "Albert",
          "price": 17.9,
          "original_price": null,
          "unit_price": 23.87,
          "unit": "l",
          "package_size": "750 ml",
          "condition": null
        }
      ],
      "description": null
    },
    {
      "name": "Albert Kuřecí filety pro dospělé psy",
      "brand": "Albert",
      "product_url": "https://wolt.com/cs/cze/prague/venue/albert-vinohradska/albert-kureci-filety-pro-dospele-psy-itemid-64ca0b7cba162577de488a19",
      "image_url": "https://imageproxy.wolt.com/menu/menu-images/64ffec4406cca0140dfab831/13df1daa-8ec1-11ee-9314-f6a0c6fd1153_27213599.jpg",
      "categories": [
        "ZVÍŘATA",
        "PSI"
      ],
      "prices": [
        {
          "store_name": "Albert",
          "price": 49.9,
          "original_price": null,
          "unit_price": 499.0,
          "unit": "Kg",
          "package_size": "100 g",
          "condition": null
        }
      ],
      "description": null
    },
    {
      "name": "Sommelier Collection Rulandské šedé",
      "brand": "Sommelier",
      "product_url": "https://wolt.com/cs/cze/prague/venue/albert-vinohradska/sommelier-collection-rulandske-sede-itemid-657233256818b938df948330",
      "image_url": "https://imageproxy.wolt.com/menu/menu-images/63ad795db242366d1f818f36/99eb4456-10f7-11ef-8c54-e2ff05b4e56d_27549193.jpg",
      "categories": [
        "NÁPOJE",
        "VÍNA"
      ],
      "prices": [
        {
          "store_name": "Albert",
          "price": 219.0,
          "original_price": null,
          "unit_price": 292.0,
          "unit": "l",
          "package_size": "750 ml, 12,5% alc",
          "condition": "18+"
        }
      ],
      "description": null
    },
    {
      "name": "Vigo Pytle na odpad 120 l",
      "brand": "Vigo",
      "product_url": "https://wolt.com/cs/cze/prague/venue/albert-vinohradska/vigo-pytle-na-odpad-120-l-itemid-66020a86c315873ee3a191b6",
      "image_url": "https://imageproxy.wolt.com/menu/menu-images/6601c613e48d1c8d95333085/8f2b70b6-eae3-11ee-828c-a2d2daf8a7c4_27035658.jpg",
      "categories": [
        "DOMÁCNOST A ZAHRADA",
        "ÚKLIDOVÉ POTŘEBY"
      ],
      "prices": [
        {
          "store_name": "Albert",
          "price": 74.9,
          "original_price": null,
          "unit_price": 7.49,
          "unit": "ks",
          "package_size": "‪10‬ kusů",
          "condition": null
        }
      ],
      "description": null
    },
    {
      "name": "Tchibo Caffé Crema Intense",
      "brand": "Tchibo",
      "product_url": "https://wolt.com/cs/cze/prague/venue/albert-vinohradska/tchibo-caffe-crema-intense-itemid-64ca0b7cba162577de489a46",
      "image_url": "https://imageproxy.wolt.com/menu/menu-images/64ffec4406cca0140dfab831/a0cabcf4-8ec3-11ee-b6de-fedb83882cb3_27390009.jpg",
      "categories": [
        "NÁPOJE",
        "KÁVA A ČAJ"
      ],
      "prices": [
        {
          "store_name": "Albert",
          "price": 699.0,
          "original_price": null,
          "unit_price": 699.0,
          "unit": "Kg",
          "package_size": "1 kg",
          "condition": null
        }
      ],
      "description": null
    },
    {
      "name": "Brise de France Cabernet Sauvignon",
      "brand": "Brise de France",
      "product_url": "https://wolt.com/cs/cze/prague/venue/albert-vinohradska/brise-de-france-cabernet-sauvignon-itemid-6601e4cf2a1c740167311e7d",
      "image_url": "https://imageproxy.wolt.com/menu/menu-images/6601c613e48d1c8d95333085/6ad38c7c-eae2-11ee-ad5b-26602bd55ff2_23989726.jpg",
      "categories": [
        "NÁPOJE",
        "VÍNA"
      ],
      "prices": [
        {
          "store_name": "Albert",
          "price": 92.9,
          "original_price": null,
          "unit_price": 123.87,
          "unit": "l",
          "package_size": "750 ml, 12,5% alc",
          "condition": "18+"
        }
      ],
      "description": null
    },
    {
      "name": "Albert Proteinová polévka hrachová",
      "brand": "Albert",
      "product_url": "https://wolt.com/cs/cze/prague/venue/albert-vinohradska/albert-proteinova-polevka-hrachova-itemid-681b5abffcbd67bf7a8f4a01",
      "image_url": "https://imageproxy.wolt.com/menu/menu-images/63ad795db242366d1f818f36/a2ca41d8-2b47-11f0-844c-9e278bf1636b_27938867.jpg",
      "categories": [
        "TRVANLIVÉ",
        "INSTANTNÍ POKRMY"
      ],
      "prices": [
        {
          "store_name": "Albert",
          "price": null,
          "original_price": null,
          "unit_price": 325.45,
          "unit": "Kg",
          "package_size": "55 g",
          "condition": "Sleva"
        }
      ],
      "description": null
    },
    {
      "name": "Coffizz s příchutí citrón, máta",
      "brand": "Coffizz",
      "product_url": "https://wolt.com/cs/cze/prague/venue/albert-vinohradska/coffizz-s-prichuti-citron-mata-itemid-657233256818b938df948870",
      "image_url": "https://imageproxy.wolt.com/menu/menu-images/64ffec4406cca0140dfab831/2a772988-8ec4-11ee-8aed-b254b150411e_27450451.jpg",
      "categories": [
        "NÁPOJE",
        "VODY A MINERÁLKY"
      ],
      "prices": [
        {
          "store_name": "Albert",
          "price": 36.9,
          "original_price": null,
          "unit_price": 73.8,
          "unit": "l",
          "package_size": "500 ml",
          "condition": null
        }
      ],
      "description": null
    },
    {
      "name": "Albert Instantní polévka hovězí",
      "brand": "Albert",
      "product_url": "https://wolt.com/cs/cze/prague/venue/albert-vinohradska/albert-instantni-polevka-hovezi-itemid-6601ecfcab2c269239cd6cbc",
      "image_url": "https://imageproxy.wolt.com/menu/menu-images/63ad795db242366d1f818f36/28699948-ed44-11ef-b868-4ed40bbef7a4_27305348.jpg",
      "categories": [
        "TRVANLIVÉ",
        "INSTANTNÍ POKRMY"
      ],
      "prices": [
        {
          "store_name": "Albert",
          "price": 6.9,
          "original_price": null,
          "unit_price": 345.0,
          "unit": "Kg",
          "package_size": "20 g",
          "condition": null
        }
      ],
      "description": null
    },
    {
      "name": "Becherovka Original bylinný likér 38%",
      "brand": "Becherovka",
      "product_url": "https://wolt.com/cs/cze/prague/venue/albert-vinohradska/becherovka-original-bylinny-liker-38-itemid-64ca0b7cba162577de4898e7",
      "image_url": "https://imageproxy.wolt.com/menu/menu-images/64ffec4406cca0140dfab831/983b7694-8eac-11ee-af4c-ca775a3f94cd_20315665.jpg",
      "categories": [
        "NÁPOJE",
        "LIHOVINY"
      ],
      "prices": [
        {
          "store_name": "Albert",
          "price": 249.0,
          "original_price": null,
          "unit_price": 498.0,
          "unit": "l",
          "package_size": "500 ml, 38% alc",
          "condition": "18+"
        }
      ],
      "description": null
    },
    {
      "name": "Hamé Džem jahoda a jablko",
      "brand": "Hamé",
      "product_url": "https://wolt.com/cs/cze/prague/venue/albert-vinohradska/hame-dzem-jahoda-a-jablko-itemid-681b5abffcbd67bf7a8f4ad1",
      "image_url": "https://imageproxy.wolt.com/menu/menu-images/63ad795db242366d1f818f36/3188b1c6-2b47-11f0-8349-16bd632e4900_27269626.jpg",
      "categories": [
        "TRVANLIVÉ",
        "KONZERVOVANÉ POTR."
      ],
      "prices": [
        {
          "store_name": "Albert",
          "price": 71.9,
          "original_price": null,
          "unit_price": 163.41,
          "unit": "Kg",
          "package_size": "440 g",
          "condition": null
        }
      ],
      "description": null
    },
    {
      "name": "Zlaté kuře řízky chazené",
      "brand": null,
      "product_url": "https://wolt.com/cs/cze/prague/venue/albert-vinohradska/zlate-kure-rizky-chazene-itemid-64ca0b7cba162577de48987e",
      "image_url": "https://imageproxy.wolt.com/menu/menu-images/64ffec4406cca0140dfab831/6a5a8b48-8eb1-11ee-a86b-f6f59196df47_24364881.jpg",
      "categories": [
        "MASO A RYBY",
        "DRŮBEŽ"
      ],
      "prices": [
        {
          "store_name": "Albert",
          "price": 157.2,
          "original_price": null,
          "unit_price": null,
          "unit": null,
          "package_size": null,
          "condition": null
        }
      ],
      "description": null
    },
    {
      "name": "Nature's Promise Bio Hummus klasik",
      "brand": "Nature's Promise",
      "product_url": "https://wolt.com/cs/cze/prague/venue/albert-vinohradska/nature-s-promise-bio-hummus-klasik-itemid-64ca0b7cba162577de489b2d",
      "image_url": "https://imageproxy.wolt.com/menu/menu-images/63ad795db242366d1f818f36/7bbdc9d8-8e26-11f0-ae86-da8e54f0fe20_27160251.jpg",
      "categories": [
        "UZENINY A LAHŮDKY",
        "SALÁTY A POMAZÁNKY"
      ],
      "prices": [
        {
          "store_name": "Albert",
          "price": null,
          "original_price": null,
          "unit_price": 249.38,
          "unit": "Kg",
          "package_size": "160 g",
          "condition": "Sleva"
        }
      ],
      "description": null
    },
    {
      "name": "Perla Intenza Káva instantní",
      "brand": "Perla",
      "product_url": "https://wolt.com/cs/cze/prague/venue/albert-vinohradska/perla-intenza-kava-instantni-itemid-64ca0b7cba162577de4892e0",
      "image_url": "https://imageproxy.wolt.com/menu/menu-images/64ffec4406cca0140dfab831/d43eb1d6-8ec2-11ee-84d0-6e0f65c8f049_27329528.jpg",
      "categories": [
        "NÁPOJE",
        "KÁVA A ČAJ"
      ],
      "prices": [
        {
          "store_name": "Albert",
          "price": 169.0,
          "original_price": null,
          "unit_price": 845.0,
          "unit": "Kg",
          "package_size": "200 g",
          "condition": null
        }
      ],
      "description": null
    },
    {
      "name": "Elmex Caries Protection zubní pasta s fluoridem",
      "brand": "Elmex",
      "product_url": "https://wolt.com/cs/cze/prague/venue/albert-vinohradska/elmex-caries-protection-zubni-pasta-s-fluoridem-itemid-64ca0b7cba162577de488e19",
      "image_url": "https://imageproxy.wolt.com/menu/menu-images/64ffec4406cca0140dfab831/47a973da-8eba-11ee-a6c6-9e446d541704_26600956.jpg",
      "categories": [
        "DROGERIE A KOSMETIKA",
        "ÚSTNÍ HYGIENA"
      ],
      "prices": [
        {
          "store_name": "Albert",
          "price": 189.0,
          "original_price": null,
          "unit_price": 1260.0,
          "unit": "l",
          "package_size": "150 ml",
          "condition": null
        }
      ],
      "description": null
    },
    {
      "name": "Zott Primo Smetana ke šlehání 30%",
      "brand": "Zott",
      "product_url": "https://wolt.com/cs/cze/prague/venue/albert-vinohradska/zott-primo-smetana-ke-slehani-30-itemid-657233256818b938df948738",
      "image_url": "https://imageproxy.wolt.com/menu/menu-images/64ffec4406cca0140dfab831/ab545682-8eb7-11ee-883b-7a4dcb26504b_26019680.jpg",
      "categories": [
        "MLÉČNÉ A CHLAZENÉ",
        "MLÉČNÉ NÁPOJE"
      ],
      "prices": [
        {
          "store_name": "Albert",
          "price": 37.9,
          "original_price": null,
          "unit_price": 189.5,
          "unit": "Kg",
          "package_size": "200 g",
          "condition": null
        }
      ],
      "description": null
    },
    {
      "name": "Korunní Meruňka jemně perlivá",
      "brand": "Korunní",
      "product_url": "https://wolt.com/cs/cze/prague/venue/albert-vinohradska/korunni-merunka-jemne-perliva-itemid-657233256818b938df947b9c",
      "image_url": "https://imageproxy.wolt.com/menu/menu-images/64ffec4406cca0140dfab831/3f21ab84-8eb4-11ee-b13d-b6ff72c7a500_25273274.jpg",
      "categories": [
        "NÁPOJE",
        "VODY A MINERÁLKY"
      ],
      "prices": [
        {
          "store_name": "Albert",
          "price": 14.9,
          "original_price": null,
          "unit_price": 9.93,
          "unit": "l",
          "package_size": "1,5 l",
          "condition": null
        }
      ],
      "description": null
    },
    {
      "name": "Fa sprchový gel Magic Oil Pink Jasmine",
      "brand": "Fa",
      "product_url": "https://wolt.com/cs/cze/prague/venue/albert-vinohradska/fa-sprchovy-gel-magic-oil-pink-jasmine-itemid-64ca0b7cba162577de489fba",
      "image_url": "https://imageproxy.wolt.com/menu/menu-images/64ffec4406cca0140dfab831/09a8ac46-8eb9-11ee-babe-76d18bdc0849_26360966.jpg",
      "categories": [
        "DROGERIE A KOSMETIKA",
        "MÝDLA A GELY"
      ],
      "prices": [
        {
          "store_name": "Albert",
          "price": 69.9,
          "original_price": null,
          "unit_price": 279.6,
          "unit": "l",
          "package_size": "250 ml",
          "condition": null
        }
      ],
      "description": null
    },
    {
      "name": "Alpro Sójový krém na vaření",
      "brand": "Alpro",
      "product_url": "https://wolt.com/cs/cze/prague/venue/albert-vinohradska/alpro-sojovy-krem-na-vareni-itemid-64ca0b7cba162577de48966c",
      "image_url": "https://imageproxy.wolt.com/menu/menu-images/64ffec4406cca0140dfab831/f456392a-8eb4-11ee-89eb-2e13ed999a8b_25458381.jpg",
      "categories": [
        "MLÉČNÉ A CHLAZENÉ",
        "ROSTLINNÉ PRODUKTY"
      ],
      "prices": [
        {
          "store_name": "Albert",
          "price": 52.9,
          "original_price": null,
          "unit_price": 211.6,
          "unit": "l",
          "package_size": "250 ml",
          "condition": null
        }
      ],
      "description": null
    },
    {
      "name": "Nature's Promise Bio Mouka pšeničná hladká",
      "brand": "Nature's Promise",
      "product_url": "https://wolt.com/cs/cze/prague/venue/albert-vinohradska/nature-s-promise-bio-mouka-psenicna-hladka-itemid-64ca0b7cba162577de488d59",
      "image_url": "https://imageproxy.wolt.com/menu/menu-images/64ffec4406cca0140dfab831/072214fa-8ebc-11ee-a912-06cf0d3d89bd_26816449.jpg",
      "categories": [
        "TRVANLIVÉ",
        "PEČENÍ A VAŘENÍ"
      ],
      "prices": [
        {
          "store_name": "Albert",
          "price": null,
          "original_price": null,
          "unit_price": 29.9,
          "unit": "Kg",
          "package_size": "1 kg",
          "condition": "Sleva"
        }
      ],
      "description": null
    },
    {
      "name": "Land-Leben Zavářka smažená do polévky",
      "brand": "Land-Leben",
      "product_url": "https://wolt.com/cs/cze/prague/venue/albert-vinohradska/land-leben-zavarka-smazena-do-polevky-itemid-64ca0b7cba162577de48968f",
      "image_url": "https://imageproxy.wolt.com/menu/menu-images/64ffec4406cca0140dfab831/2e401574-8eac-11ee-82d8-3a6355b6d69b_20297183.jpg",
      "categories": [
        "TRVANLIVÉ",
        "INSTANTNÍ POKRMY"
      ],
      "prices": [
        {
          "store_name": "Albert",
          "price": 43.7,
          "original_price": null,
          "unit_price": 437.0,
          "unit": "Kg",
          "package_size": "100 g",
          "condition": null
        }
      ],
      "description": null
    },
    {
      "name": "Toblerone mléčná čokoláda",
      "brand": "Toblerone",
      "product_url": "https://wolt.com/cs/cze/prague/venue/albert-vinohradska/toblerone-mlecna-cokolada-itemid-64ca0b7cba162577de489095",
      "image_url": "https://imageproxy.wolt.com/menu/menu-images/63ad795db242366d1f818f36/a2f56b00-9796-11ef-9a12-fab9f58800a2_20777050.jpg",
      "categories": [
        "TRVANLIVÉ",
        "SLADKOSTI"
      ],
      "prices": [
        {
          "store_name": "Albert",
          "price": 83.9,
          "original_price": null,
          "unit_price": 839.0,
          "unit": "Kg",
          "package_size": "100 g",
          "condition": null
        }
      ],
      "description": null
    },
    {
      "name": "Nature's Promise Bio Baby Pyré zelenina s krůtím",
      "brand": "Nature's Promise",
      "product_url": "https://wolt.com/cs/cze/prague/venue/albert-vinohradska/nature-s-promise-bio-baby-pyre-zelenina-s-krutim-itemid-64ca0b7cba162577de488e6f",
      "image_url": "https://imageproxy.wolt.com/menu/menu-images/63ad795db242366d1f818f36/845ee40a-8e26-11f0-82e3-0eafb42c0f85_27316689.jpg",
      "categories": [
        "DÍTĚ",
        "VÝŽIVA"
      ],
      "prices": [
        {
          "store_name": "Albert",
          "price": 24.9,
          "original_price": null,
          "unit_price": 131.05,
          "unit": "Kg",
          "package_size": "190 g",
          "condition": null
        }
      ],
      "description": null
    },
    {
      "name": "TePe Angle Mezizubní kartáček 0,6 mm",
      "brand": "TePe",
      "product_url": "https://wolt.com/cs/cze/prague/venue/albert-vinohradska/tepe-angle-mezizubni-kartacek-0-6-mm-itemid-657233256818b938df9479e6",
      "image_url": "https://imageproxy.wolt.com/menu/menu-images/64ffec4406cca0140dfab831/5642c982-8eba-11ee-89eb-2e13ed999a8b_26609096.jpg",
      "categories": [
        "DROGERIE A KOSMETIKA",
        "ÚSTNÍ HYGIENA"
      ],
      "prices": [
        {
          "store_name": "Albert",
          "price": 139.9,
          "original_price": null,
          "unit_price": 23.32,
          "unit": "ks",
          "package_size": "‪6‬ kusů",
          "condition": null
        }
      ],
      "description": null
    },
    {
      "name": "Nature's Promise Bio Mouka kokosová",
      "brand": "Nature's Promise",
      "product_url": "https://wolt.com/cs/cze/prague/venue/albert-vinohradska/nature-s-promise-bio-mouka-kokosova-itemid-64ca0b7cba162577de48a11f",
      "image_url": "https://imageproxy.wolt.com/menu/menu-images/63ad795db242366d1f818f36/3fb164f4-2c8e-11ef-b02f-12ffbbc8d6ff_26842158.jpg",
      "categories": [
        "TRVANLIVÉ",
        "PEČENÍ A VAŘENÍ"
      ],
      "prices": [
        {
          "store_name": "Albert",
          "price": null,
          "original_price": null,
          "unit_price": 139.6,
          "unit": "Kg",
          "package_size": "250 g",
          "condition": "Sleva"
        }
      ],
      "description": null
    },
    {
      "name": "Česká chuť Majonéza",
      "brand": "Česká chuť",
      "product_url": "https://wolt.com/cs/cze/prague/venue/albert-vinohradska/ceska-chut-majoneza-itemid-64ca0b7cba162577de48955c",
      "image_url": "https://imageproxy.wolt.com/menu/menu-images/64ffec4406cca0140dfab831/8340e936-8ebb-11ee-8469-b287692f5450_26777511.jpg",
      "categories": [
        "MLÉČNÉ A CHLAZENÉ",
        "MAJONÉZY A TATARKY"
      ],
      "prices": [
        {
          "store_name": "Albert",
          "price": 35.9,
          "original_price": null,
          "unit_price": 143.6,
          "unit": "l",
          "package_size": "250 ml",
          "condition": null
        }
      ],
      "description": null
    },
    {
      "name": "Madeta MAXI Lipánek tvarohový vanilka",
      "brand": "Madeta",
      "product_url": "https://wolt.com/cs/cze/prague/venue/albert-vinohradska/madeta-maxi-lipanek-tvarohovy-vanilka-itemid-64ca0b7cba162577de48832b",
      "image_url": "https://imageproxy.wolt.com/menu/menu-images/64ffec4406cca0140dfab831/61383612-8ec2-11ee-ae22-9a1f6ae41663_27298350.jpg",
      "categories": [
        "MLÉČNÉ A CHLAZENÉ",
        "JOGURTY A DEZERTY"
      ],
      "prices": [
        {
          "store_name": "Albert",
          "price": 23.9,
          "original_price": null,
          "unit_price": 183.85,
          "unit": "Kg",
          "package_size": "130 g",
          "condition": null
        }
      ],
      "description": null
    },
    {
      "name": "Česká chuť Salát camping",
      "brand": "Česká chuť",
      "product_url": "https://wolt.com/cs/cze/prague/venue/albert-vinohradska/ceska-chut-salat-camping-itemid-657233256818b938df947ca9",
      "image_url": "https://imageproxy.wolt.com/menu/menu-images/64ffec4406cca0140dfab831/509f03b8-8ebc-11ee-95d3-1299365deb04_26831176.jpg",
      "categories": [
        "UZENINY A LAHŮDKY",
        "SALÁTY A POMAZÁNKY"
      ],
      "prices": [
        {
          "store_name": "Albert",
          "price": 27.9,
          "original_price": null,
          "unit_price": 186.0,
          "unit": "Kg",
          "package_size": "150 g",
          "condition": null
        }
      ],
      "description": null
    },
    {
      "name": "Gillette Series Sensitive pánský gel na holení",
      "brand": "Gillette",
      "product_url": "https://wolt.com/cs/cze/prague/venue/albert-vinohradska/gillette-series-sensitive-pansky-gel-na-holeni-itemid-64ca0b7cba162577de488efd",
      "image_url": "https://imageproxy.wolt.com/menu/menu-images/63ad795db242366d1f818f36/d2f8a31e-5efa-11ef-ba8e-7a1c03884a96_20773700.jpg",
      "categories": [
        "DROGERIE A KOSMETIKA",
        "HOLENÍ A DEPILACE"
      ],
      "prices": [
        {
          "store_name": "Albert",
          "price": 99.9,
          "original_price": null,
          "unit_price": 499.5,
          "unit": "l",
          "package_size": "200 ml",
          "condition": null
        }
      ],
      "description": null
    },
    {
      "name": "Elmex Whitening zubní pasta s fluoridem",
      "brand": "Elmex",
      "product_url": "https://wolt.com/cs/cze/prague/venue/albert-vinohradska/elmex-whitening-zubni-pasta-s-fluoridem-itemid-64ca0b7cba162577de488df5",
      "image_url": "https://imageproxy.wolt.com/menu/menu-images/64ffec4406cca0140dfab831/f8e61898-8ebe-11ee-a70e-5eb9bb96d91f_27081921.jpg",
      "categories": [
        "DROGERIE A KOSMETIKA",
        "ÚSTNÍ HYGIENA"
      ],
      "prices": [
        {
          "store_name": "Albert",
          "price": 99.9,
          "original_price": null,
          "unit_price": 1332.0,
          "unit": "l",
          "package_size": "75 ml",
          "condition": null
        }
      ],
      "description": null
    },
    {
      "name": "Bohemia Sekt Ice Pink! Demi Sec šumivé růžové",
      "brand": "Bohemia",
      "product_url": "https://wolt.com/cs/cze/prague/venue/albert-vinohradska/bohemia-sekt-ice-pink-demi-sec-sumive-ruzove-itemid-657233256818b938df9484e2",
      "image_url": "https://imageproxy.wolt.com/menu/menu-images/64ffec4406cca0140dfab831/53296b52-8ec9-11ee-a4e0-3a31305f5e7c_27746608.jpg",
      "categories": [
        "NÁPOJE",
        "VÍNA"
      ],
      "prices": [
        {
          "store_name": "Albert",
          "price": 69.9,
          "original_price": null,
          "unit_price": 349.5,
          "unit": "l",
          "package_size": "200 ml, 11% alc",
          "condition": "18+, Vyprodáno"
        }
      ],
      "description": null
    },
    {
      "name": "Tatra Pikao zahuštěné slazené mléko s kakaem",
      "brand": "Tatra",
      "product_url": "https://wolt.com/cs/cze/prague/venue/albert-vinohradska/tatra-pikao-zahustene-slazene-mleko-s-kakaem-itemid-64ca0b7cba162577de489957",
      "image_url": "https://imageproxy.wolt.com/menu/menu-images/63ad795db242366d1f818f36/1599e704-dc57-11ee-8725-36c5e552a5ac_20308322.jpg",
      "categories": [
        "MLÉČNÉ A CHLAZENÉ",
        "JOGURTY A DEZERTY"
      ],
      "prices": [
        {
          "store_name": "Albert",
          "price": 46.9,
          "original_price": null,
          "unit_price": 312.67,
          "unit": "Kg",
          "package_size": "150 g",
          "condition": null
        }
      ],
      "description": null
    },
    {
      "name": "KitKat 4 Finger Oplatka v bílé čokoládě",
      "brand": "KitKat",
      "product_url": "https://wolt.com/cs/cze/prague/venue/albert-vinohradska/kitkat-4-finger-oplatka-v-bile-cokolade-itemid-64ca0b7cba162577de48a701",
      "image_url": "https://imageproxy.wolt.com/menu/menu-images/63ad795db242366d1f818f36/ad9dd9f2-df7c-11ee-84a8-1a7e97e6a4a3_27535035.jpg",
      "categories": [
        "TRVANLIVÉ",
        "SLADKOSTI"
      ],
      "prices": [
        {
          "store_name": "Albert",
          "price": 14.9,
          "original_price": null,
          "unit_price": 354.76,
          "unit": "Kg",
          "package_size": "42 g",
          "condition": null
        }
      ],
      "description": null
    },
    {
      "name": "Whiskas Junior Granule s mléčnou náplní s kuřecím",
      "brand": "Whiskas",
      "product_url": "https://wolt.com/cs/cze/prague/venue/albert-vinohradska/whiskas-junior-granule-s-mlecnou-naplni-s-kurecim-itemid-64ca0b7cba162577de48a325",
      "image_url": "https://imageproxy.wolt.com/menu/menu-images/64ffec4406cca0140dfab831/b5da14d6-8ebf-11ee-bbcc-c60fee242f1d_27129104.jpg",
      "categories": [
        "ZVÍŘATA",
        "KOČKY"
      ],
      "prices": [
        {
          "store_name": "Albert",
          "price": null,
          "original_price": null,
          "unit_price": 112.38,
          "unit": "Kg",
          "package_size": "800 g",
          "condition": "Sleva"
        }
      ],
      "description": null
    },
    {
      "name": "Albert Závin makový",
      "brand": "Albert",
      "product_url": "https://wolt.com/cs/cze/prague/venue/albert-vinohradska/albert-zavin-makovy-itemid-64ca0b7cba162577de48812d",
      "image_url": "https://imageproxy.wolt.com/menu/menu-images/64ffec4406cca0140dfab831/0f8a11ae-8ec3-11ee-a824-fe512f326f5c_27348734.jpg",
      "categories": [
        "PEKÁRNA A CUKRÁRNA",
        "SLADKÉ PEČIVO BALENÉ"
      ],
      "prices": [
        {
          "store_name": "Albert",
          "price": 47.9,
          "original_price": null,
          "unit_price": 119.75,
          "unit": "Kg",
          "package_size": "400 g",
          "condition": "Vyprodáno"
        }
      ],
      "description": null
    },
    {
      "name": "Krušovice Královsky hořké nealkoholické pivo",
      "brand": "Krušovice",
      "product_url": "https://wolt.com/cs/cze/prague/venue/albert-vinohradska/krusovice-kralovsky-horke-nealkoholicke-pivo-itemid-64ca0b7cba162577de4890b7",
      "image_url": "https://imageproxy.wolt.com/menu/menu-images/63ad795db242366d1f818f36/f4011694-9795-11ef-8a0f-c2f0c9defae9_27434703.jpg",
      "categories": [
        "NÁPOJE",
        "PIVA"
      ],
      "prices": [
        {
          "store_name": "Albert",
          "price": 21.9,
          "original_price": null,
          "unit_price": 43.8,
          "unit": "l",
          "package_size": "500 ml, 0,5% alc",
          "condition": null
        }
      ],
      "description": null
    },
    {
      "name": "Albert Burger Americano",
      "brand": "Albert",
      "product_url": "https://wolt.com/cs/cze/prague/venue/albert-vinohradska/albert-burger-americano-itemid-64ca0b7cba162577de48821b",
      "image_url": "https://imageproxy.wolt.com/menu/menu-images/63ad795db242366d1f818f36/1a539bc4-2b47-11f0-a88f-cacffdac3212_26566849.jpg",
      "categories": [
        "MASO A RYBY",
        "HOVĚZÍ A TELECÍ"
      ],
      "prices": [
        {
          "store_name": "Albert",
          "price": 64.9,
          "original_price": null,
          "unit_price": 295.0,
          "unit": "Kg",
          "package_size": "220 g",
          "condition": null
        }
      ],
      "description": null
    },
    {
      "name": "Albert Lasagne",
      "brand": "Albert",
      "product_url": "https://wolt.com/cs/cze/prague/venue/albert-vinohradska/albert-lasagne-itemid-64ca0b7cba162577de4881ef",
      "image_url": "https://imageproxy.wolt.com/menu/menu-images/63ad795db242366d1f818f36/037b70f4-f8f0-11ef-964c-626bcbac0873_27476642.jpg",
      "categories": [
        "UZENINY A LAHŮDKY",
        "HOTOVKY A PŘÍLOHY"
      ],
      "prices": [
        {
          "store_name": "Albert",
          "price": 129.9,
          "original_price": null,
          "unit_price": 129.9,
          "unit": "Kg",
          "package_size": "1 kg",
          "condition": null
        }
      ],
      "description": null
    },
    {
      "name": "Tuc Slaninové krekry",
      "brand": "Tuc",
      "product_url": "https://wolt.com/cs/cze/prague/venue/albert-vinohradska/tuc-slaninove-krekry-itemid-64ca0b7cba162577de4894be",
      "image_url": "https://imageproxy.wolt.com/menu/menu-images/63ad795db242366d1f818f36/d1be1bdc-ed43-11ef-ac63-1aaa0902a182_24605403.jpg",
      "categories": [
        "TRVANLIVÉ",
        "SLANÉ"
      ],
      "prices": [
        {
          "store_name": "Albert",
          "price": 19.9,
          "original_price": null,
          "unit_price": 199.0,
          "unit": "Kg",
          "package_size": "100 g",
          "condition": null
        }
      ],
      "description": null
    },
    {
      "name": "Scalini Prosecco Frizzante DOC",
      "brand": "Scalini",
      "product_url": "https://wolt.com/cs/cze/prague/venue/albert-vinohradska/scalini-prosecco-frizzante-doc-itemid-657233256818b938df9481ed",
      "image_url": "https://imageproxy.wolt.com/menu/menu-images/64ffec4406cca0140dfab831/8ffcd2e4-8ec9-11ee-b144-86520451eef5_27750018.jpg",
      "categories": [
        "NÁPOJE",
        "VÍNA"
      ],
      "prices": [
        {
          "store_name": "Albert",
          "price": 89.9,
          "original_price": null,
          "unit_price": 449.5,
          "unit": "l",
          "package_size": "200 ml, 10,5% alc",
          "condition": "18+, Vyprodáno"
        }
      ],
      "description": null
    },
    {
      "name": "Krušovice Královské Černé pivo tmavé výčepní",
      "brand": "Krušovice",
      "product_url": "https://wolt.com/cs/cze/prague/venue/albert-vinohradska/krusovice-kralovske-cerne-pivo-tmave-vycepni-itemid-64ca0b7cba162577de488b59",
      "image_url": "https://imageproxy.wolt.com/menu/menu-images/63ad795db242366d1f818f36/34434c04-d671-11ee-909e-5e53e1c9dcc5_26776538.jpg",
      "categories": [
        "NÁPOJE",
        "PIVA"
      ],
      "prices": [
        {
          "store_name": "Albert",
          "price": 23.9,
          "original_price": null,
          "unit_price": 47.8,
          "unit": "l",
          "package_size": "500 ml, 3,8% alc",
          "condition": "18+"
        }
      ],
      "description": null
    },
    {
      "name": "Albert Smetana do kávy",
      "brand": "Albert",
      "product_url": "https://wolt.com/cs/cze/prague/venue/albert-vinohradska/albert-smetana-do-kavy-itemid-64ca0b7cba162577de4886db",
      "image_url": "https://imageproxy.wolt.com/menu/menu-images/64ffec4406cca0140dfab831/5146f858-8eb6-11ee-acd5-ca3c3355ab39_25735376.jpg",
      "categories": [
        "MLÉČNÉ A CHLAZENÉ",
        "SMETANY A ŠLEHAČKY"
      ],
      "prices": [
        {
          "store_name": "Albert",
          "price": 20.9,
          "original_price": null,
          "unit_price": 106.63,
          "unit": "l",
          "package_size": "196 ml",
          "condition": null
        }
      ],
      "description": null
    },
    {
      "name": "Gustona Rýže loupaná, sypaná",
      "brand": "Gustona",
      "product_url": "https://wolt.com/cs/cze/prague/venue/albert-vinohradska/gustona-ryze-loupana-sypana-itemid-64ca0b7cba162577de4881b3",
      "image_url": "https://imageproxy.wolt.com/menu/menu-images/63ad795db242366d1f818f36/9b4c67c0-5efa-11ef-ac3c-a63c482a7865_27157954.jpg",
      "categories": [
        "TRVANLIVÉ",
        "RÝŽE A LUŠTENINY"
      ],
      "prices": [
        {
          "store_name": "Albert",
          "price": 38.9,
          "original_price": null,
          "unit_price": 38.9,
          "unit": "Kg",
          "package_size": "1 kg",
          "condition": null
        }
      ],
      "description": null
    },
    {
      "name": "Madeta Jihočeské Máslo 82%",
      "brand": "Madeta",
      "product_url": "https://wolt.com/cs/cze/prague/venue/albert-vinohradska/madeta-jihoceske-maslo-82-itemid-64ca0b7cba162577de4882f7",
      "image_url": "https://imageproxy.wolt.com/menu/menu-images/64ffec4406cca0140dfab831/a4968ee6-8ead-11ee-8965-f6745e48ee46_20976781.jpg",
      "categories": [
        "MLÉČNÉ A CHLAZENÉ",
        "MÁSLO A TUKY"
      ],
      "prices": [
        {
          "store_name": "Albert",
          "price": 64.9,
          "original_price": null,
          "unit_price": 259.6,
          "unit": "Kg",
          "package_size": "250 g",
          "condition": null
        }
      ],
      "description": null
    },
    {
      "name": "Oshee Vitamínová voda hrozny a pitaya",
      "brand": "Oshee",
      "product_url": "https://wolt.com/cs/cze/prague/venue/albert-vinohradska/oshee-vitaminova-voda-hrozny-a-pitaya-itemid-657233256818b938df94859c",
      "image_url": "https://imageproxy.wolt.com/menu/menu-images/63ad795db242366d1f818f36/dce84252-7827-11f0-b92c-92b75d278206_27265826.jpg",
      "categories": [
        "NÁPOJE",
        "ENERGY NÁPOJE"
      ],
      "prices": [
        {
          "store_name": "Albert",
          "price": 31.9,
          "original_price": null,
          "unit_price": 57.48,
          "unit": "l",
          "package_size": "555 ml",
          "condition": null
        }
      ],
      "description": null
    },
    {
      "name": "Albert Zelný salát s křenem",
      "brand": "Albert",
      "product_url": "https://wolt.com/cs/cze/prague/venue/albert-vinohradska/albert-zelny-salat-s-krenem-itemid-64ca0b7cba162577de488c49",
      "image_url": "https://imageproxy.wolt.com/menu/menu-images/64ffec4406cca0140dfab831/445a2f18-8ec3-11ee-84ab-46b0bb5ce808_27369722.jpg",
      "categories": [
        "OVOCE A ZELENINA",
        "HOTOVÉ SALÁTY"
      ],
      "prices": [
        {
          "store_name": "Albert",
          "price": 32.9,
          "original_price": null,
          "unit_price": 94.0,
          "unit": "Kg",
          "package_size": "350 g",
          "condition": null
        }
      ],
      "description": null
    },
    {
      "name": "Biosaurus Kukuřičný snack bez lepku kečup",
      "brand": "Biosaurus",
      "product_url": "https://wolt.com/cs/cze/prague/venue/albert-vinohradska/biosaurus-kukuricny-snack-bez-lepku-kecup-itemid-64ca0b7cba162577de4882ef",
      "image_url": "https://imageproxy.wolt.com/menu/menu-images/64ffec4406cca0140dfab831/e48bee28-8ebd-11ee-9075-cae320ae1b7e_26976082.jpg",
      "categories": [
        "TRVANLIVÉ",
        "SLANÉ"
      ],
      "prices": [
        {
          "store_name": "Albert",
          "price": 29.9,
          "original_price": null,
          "unit_price": 598.0,
          "unit": "Kg",
          "package_size": "50 g",
          "condition": null
        }
      ],
      "description": null
    },
    {
      "name": "Tchibo Cafissimo Espresso Caramel kapsle",
      "brand": "Tchibo",
      "product_url": "https://wolt.com/cs/cze/prague/venue/albert-vinohradska/tchibo-cafissimo-espresso-caramel-kapsle-itemid-64ca0b7cba162577de48a1cb",
      "image_url": "https://imageproxy.wolt.com/menu/menu-images/64ffec4406cca0140dfab831/0d37bb94-8ebf-11ee-89e9-76bc1f0dfb09_27086933.jpg",
      "categories": [
        "NÁPOJE",
        "KÁVA A ČAJ"
      ],
      "prices": [
        {
          "store_name": "Albert",
          "price": 129.9,
          "original_price": null,
          "unit_price": 12.99,
          "unit": "ks",
          "package_size": "‪10‬ kusů",
          "condition": null
        }
      ],
      "description": null
    },
    {
      "name": "Albert Instantní polévka brokolicová",
      "brand": "Albert",
      "product_url": "https://wolt.com/cs/cze/prague/venue/albert-vinohradska/albert-instantni-polevka-brokolicova-itemid-660201f1f1df377369a87c53",
      "image_url": "https://imageproxy.wolt.com/menu/menu-images/6601c613e48d1c8d95333085/422b0cae-eae3-11ee-bab1-86ed91a9399a_26699059.jpg",
      "categories": [
        "TRVANLIVÉ",
        "INSTANTNÍ POKRMY"
      ],
      "prices": [
        {
          "store_name": "Albert",
          "price": 6.9,
          "original_price": null,
          "unit_price": 383.33,
          "unit": "Kg",
          "package_size": "18 g",
          "condition": null
        }
      ],
      "description": null
    },
    {
      "name": "Albert Mouka polohrubá pšeničná",
      "brand": "Albert",
      "product_url": "https://wolt.com/cs/cze/prague/venue/albert-vinohradska/albert-mouka-polohruba-psenicna-itemid-64ca0b7cba162577de48841f",
      "image_url": "https://imageproxy.wolt.com/menu/menu-images/64ffec4406cca0140dfab831/7620cbe2-8eaf-11ee-a1eb-2a31a2186d9b_23323988.jpg",
      "categories": [
        "TRVANLIVÉ",
        "PEČENÍ A VAŘENÍ"
      ],
      "prices": [
        {
          "store_name": "Albert",
          "price": 12.9,
          "original_price": null,
          "unit_price": 12.9,
          "unit": "Kg",
          "package_size": "1 kg",
          "condition": null
        }
      ],
      "description": null
    },
    {
      "name": "Birell Citron a máta",
      "brand": "Birell",
      "product_url": "https://wolt.com/cs/cze/prague/venue/albert-vinohradska/birell-citron-a-mata-itemid-64ca0b7cba162577de48833b",
      "image_url": "https://imageproxy.wolt.com/menu/menu-images/63ad795db242366d1f818f36/a7487428-0609-11ef-a834-2aabf4f10751_27608395.jpg",
      "categories": [
        "NÁPOJE",
        "PIVA"
      ],
      "prices": [
        {
          "store_name": "Albert",
          "price": 24.9,
          "original_price": null,
          "unit_price": 49.8,
          "unit": "l",
          "package_size": "500 ml, 0,3% alc",
          "condition": "Vyprodáno"
        }
      ],
      "description": null
    },
    {
      "name": "Cielo Prosecco DOC",
      "brand": "Cielo",
      "product_url": "https://wolt.com/cs/cze/prague/venue/albert-vinohradska/cielo-prosecco-doc-itemid-657233256818b938df947875",
      "image_url": "https://imageproxy.wolt.com/menu/menu-images/64ffec4406cca0140dfab831/bd5394c6-8ebf-11ee-a643-faffdc4b9b96_27131138.jpg",
      "categories": [
        "NÁPOJE",
        "VÍNA"
      ],
      "prices": [
        {
          "store_name": "Albert",
          "price": 249.0,
          "original_price": null,
          "unit_price": 332.0,
          "unit": "l",
          "package_size": "750 ml, 11% alc",
          "condition": "18+"
        }
      ],
      "description": null
    },
    {
      "name": "Albert Perníčky v hořké čokoládě",
      "brand": "Albert",
      "product_url": "https://wolt.com/cs/cze/prague/venue/albert-vinohradska/albert-pernicky-v-horke-cokolade-itemid-64ca0b7cba162577de489729",
      "image_url": "https://imageproxy.wolt.com/menu/menu-images/64ffec4406cca0140dfab831/d2336534-8eb9-11ee-9cd3-2672547c66c2_26501611.jpg",
      "categories": [
        "TRVANLIVÉ",
        "SLADKOSTI"
      ],
      "prices": [
        {
          "store_name": "Albert",
          "price": 59.9,
          "original_price": null,
          "unit_price": 119.8,
          "unit": "Kg",
          "package_size": "500 g",
          "condition": null
        }
      ],
      "description": null
    },
    {
      "name": "Emma Go Nuts Ořechy natural",
      "brand": "Emma",
      "product_url": "https://wolt.com/cs/cze/prague/venue/albert-vinohradska/emma-go-nuts-orechy-natural-itemid-64ca0b7cba162577de488a85",
      "image_url": "https://imageproxy.wolt.com/menu/menu-images/63ad795db242366d1f818f36/cc8aef4a-7827-11f0-aa21-5ee64a7a0dc7_26995588.jpg",
      "categories": [
        "OVOCE A ZELENINA",
        "SUCHÉ PLODY"
      ],
      "prices": [
        {
          "store_name": "Albert",
          "price": 28.9,
          "original_price": null,
          "unit_price": 412.86,
          "unit": "Kg",
          "package_size": "70 g",
          "condition": null
        }
      ],
      "description": null
    },
    {
      "name": "Perla Bio Zelený čaj",
      "brand": "Perla",
      "product_url": "https://wolt.com/cs/cze/prague/venue/albert-vinohradska/perla-bio-zeleny-caj-itemid-651c877238aefa961b055c4d",
      "image_url": "https://imageproxy.wolt.com/menu/menu-images/64ffec4406cca0140dfab831/0ad14c7e-8ecb-11ee-a9f8-aef58f05e2b1_27793954.jpg",
      "categories": [
        "NÁPOJE",
        "KÁVA A ČAJ"
      ],
      "prices": [
        {
          "store_name": "Albert",
          "price": 29.9,
          "original_price": null,
          "unit_price": 996.67,
          "unit": "Kg",
          "package_size": "30 g",
          "condition": null
        }
      ],
      "description": null
    },
    {
      "name": "Beefeater London Dry Gin 40%",
      "brand": "Beefeater",
      "product_url": "https://wolt.com/cs/cze/prague/venue/albert-vinohradska/beefeater-london-dry-gin-40-itemid-64ca0b7cba162577de488aa7",
      "image_url": "https://imageproxy.wolt.com/menu/menu-images/64ffec4406cca0140dfab831/0cbf01e8-8ead-11ee-b427-9a472ccb949a_20454050.jpg",
      "categories": [
        "NÁPOJE",
        "LIHOVINY"
      ],
      "prices": [
        {
          "store_name": "Albert",
          "price": 509.0,
          "original_price": null,
          "unit_price": 727.14,
          "unit": "l",
          "package_size": "700 ml, 40% alc",
          "condition": "18+"
        }
      ],
      "description": null
    },
    {
      "name": "Nature's Promise Bio Kuskus celozrnný",
      "brand": "Nature's Promise",
      "product_url": "https://wolt.com/cs/cze/prague/venue/albert-vinohradska/nature-s-promise-bio-kuskus-celozrnny-itemid-64ca0b7cba162577de48a07f",
      "image_url": "https://imageproxy.wolt.com/menu/menu-images/64ffec4406cca0140dfab831/8e08478c-8ebc-11ee-baa9-362baa77ef89_26848846.jpg",
      "categories": [
        "TRVANLIVÉ",
        "RÝŽE A VAŘENÍ"
      ],
      "prices": [
        {
          "store_name": "Albert",
          "price": null,
          "original_price": null,
          "unit_price": 69.8,
          "unit": "Kg",
          "package_size": "500 g",
          "condition": "Sleva"
        }
      ],
      "description": null
    },
    {
      "name": "Jacobs Krönung mletá káva",
      "brand": "Jacobs",
      "product_url": "https://wolt.com/cs/cze/prague/venue/albert-vinohradska/jacobs-kronung-mleta-kava-itemid-64ca0b7cba162577de489788",
      "image_url": "https://imageproxy.wolt.com/menu/menu-images/63ad795db242366d1f818f36/2a265baa-0608-11ef-b0fd-eee0e95b6c18_20776985.jpg",
      "categories": [
        "NÁPOJE",
        "KÁVA A ČAJ"
      ],
      "prices": [
        {
          "store_name": "Albert",
          "price": 119.9,
          "original_price": null,
          "unit_price": 479.6,
          "unit": "Kg",
          "package_size": "250 g",
          "condition": null
        }
      ],
      "description": null
    },
    {
      "name": "Relax Select hruška",
      "brand": "Relax",
      "product_url": "https://wolt.com/cs/cze/prague/venue/albert-vinohradska/relax-select-hruska-itemid-64ca0b7cba162577de488447",
      "image_url": "https://imageproxy.wolt.com/menu/menu-images/64ffec4406cca0140dfab831/ba76a290-8eae-11ee-8e56-12ad6b72684e_22778529.jpg",
      "categories": [
        "NÁPOJE",
        "DŽUSY A NEKTARY"
      ],
      "prices": [
        {
          "store_name": "Albert",
          "price": 29.9,
          "original_price": null,
          "unit_price": 29.9,
          "unit": "l",
          "package_size": "1 l",
          "condition": null
        }
      ],
      "description": null
    },
    {
      "name": "Biosaurus Kukuřičný snack bez lepku mořská sůl",
      "brand": "Biosaurus",
      "product_url": "https://wolt.com/cs/cze/prague/venue/albert-vinohradska/biosaurus-kukuricny-snack-bez-lepku-morska-sul-itemid-64ca0b7cba162577de488ba5",
      "image_url": "https://imageproxy.wolt.com/menu/menu-images/64ffec4406cca0140dfab831/e76f885c-8ebd-11ee-835b-a28724a7b713_26976129.jpg",
      "categories": [
        "TRVANLIVÉ",
        "SLANÉ"
      ],
      "prices": [
        {
          "store_name": "Albert",
          "price": 29.9,
          "original_price": null,
          "unit_price": 598.0,
          "unit": "Kg",
          "package_size": "50 g",
          "condition": null
        }
      ],
      "description": null
    },
    {
      "name": "Dr. Oetker Droždí",
      "brand": "Dr. Oetker",
      "product_url": "https://wolt.com/cs/cze/prague/venue/albert-vinohradska/dr-oetker-drozdi-itemid-64ca0b7cba162577de4882dd",
      "image_url": "https://imageproxy.wolt.com/menu/menu-images/63ad795db242366d1f818f36/f3ef8bde-a8e9-11f0-9be2-6ec0f414a594_22536532.jpg",
      "categories": [
        "TRVANLIVÉ",
        "PEČENÍ A VAŘENÍ"
      ],
      "prices": [
        {
          "store_name": "Albert",
          "price": 11.9,
          "original_price": null,
          "unit_price": 1700.0,
          "unit": "Kg",
          "package_size": "7 g",
          "condition": null
        }
      ],
      "description": null
    },
    {
      "name": "Antica Cantina Taco koření",
      "brand": "Antica",
      "product_url": "https://wolt.com/cs/cze/prague/venue/albert-vinohradska/antica-cantina-taco-koreni-itemid-64ca0b7cba162577de48a61d",
      "image_url": "https://imageproxy.wolt.com/menu/menu-images/64ffec4406cca0140dfab831/6b60b6f8-8ec4-11ee-ab93-86f1953ceff6_27471609.jpg",
      "categories": [
        "TRVANLIVÉ",
        "MEZINÁRODNÍ KUCHYNĚ"
      ],
      "prices": [
        {
          "store_name": "Albert",
          "price": 38.9,
          "original_price": null,
          "unit_price": 972.5,
          "unit": "Kg",
          "package_size": "40 g",
          "condition": null
        }
      ],
      "description": null
    },
    {
      "name": "Albert Excellent Tapas Humus grilovaná zelenina",
      "brand": "Albert Excellent",
      "product_url": "https://wolt.com/cs/cze/prague/venue/albert-vinohradska/albert-excellent-tapas-humus-grilovana-zelenina-itemid-64ca0b7cba162577de488a93",
      "image_url": "https://imageproxy.wolt.com/menu/menu-images/63ad795db242366d1f818f36/92a4d33a-8e26-11f0-a001-a2db9da344ef_27643525.jpg",
      "categories": [
        "UZENINY A LAHŮDKY",
        "TAPAS"
      ],
      "prices": [
        {
          "store_name": "Albert",
          "price": 69.0,
          "original_price": null,
          "unit_price": 394.29,
          "unit": "Kg",
          "package_size": "175 g",
          "condition": null
        }
      ],
      "description": null
    },
    {
      "name": "Nestlé Cini Minis cereálie",
      "brand": "Nestlé",
      "product_url": "https://wolt.com/cs/cze/prague/venue/albert-vinohradska/nestle-cini-minis-cerealie-itemid-64ca0b7cba162577de488bcb",
      "image_url": "https://imageproxy.wolt.com/menu/menu-images/63ad795db242366d1f818f36/b4c9ab4a-5efa-11ef-87f3-56b4f175fe4c_25498974.jpg",
      "categories": [
        "TRVANLIVÉ",
        "MÜSLI A CEREÁLIE"
      ],
      "prices": [
        {
          "store_name": "Albert",
          "price": 129.9,
          "original_price": null,
          "unit_price": 201.4,
          "unit": "Kg",
          "package_size": "645 g",
          "condition": null
        }
      ],
      "description": null
    },
    {
      "name": "Tatra Kravík příchuť jahoda",
      "brand": "Tatra",
      "product_url": "https://wolt.com/cs/cze/prague/venue/albert-vinohradska/tatra-kravik-prichut-jahoda-itemid-64ca0b7cba162577de488a0f",
      "image_url": "https://imageproxy.wolt.com/menu/menu-images/64ffec4406cca0140dfab831/eec851aa-8eaf-11ee-a1fd-ca3c3355ab39_23583603.jpg",
      "categories": [
        "MLÉČNÉ A CHLAZENÉ",
        "MLÉČNÉ NÁPOJE"
      ],
      "prices": [
        {
          "store_name": "Albert",
          "price": 20.9,
          "original_price": null,
          "unit_price": 83.6,
          "unit": "l",
          "package_size": "250 ml",
          "condition": null
        }
      ],
      "description": null
    },
    {
      "name": "Dove Original Krémová tableta",
      "brand": "Dove",
      "product_url": "https://wolt.com/cs/cze/prague/venue/albert-vinohradska/dove-original-kremova-tableta-itemid-657233256818b938df9483e0",
      "image_url": "https://imageproxy.wolt.com/menu/menu-images/64ffec4406cca0140dfab831/4a6e1e06-8ec7-11ee-a674-8a641e6c096e_27651278.jpg",
      "categories": [
        "DROGERIE A KOSMETIKA",
        "MÝDLA A GELY"
      ],
      "prices": [
        {
          "store_name": "Albert",
          "price": 128.9,
          "original_price": null,
          "unit_price": 358.06,
          "unit": "Kg",
          "package_size": "360 g",
          "condition": null
        }
      ],
      "description": null
    },
    {
      "name": "Exotic Food Authentic Thai červená kari pasta",
      "brand": "Exotic",
      "product_url": "https://wolt.com/cs/cze/prague/venue/albert-vinohradska/exotic-food-authentic-thai-cervena-kari-pasta-itemid-64ca0b7cba162577de489e30",
      "image_url": "https://imageproxy.wolt.com/menu/menu-images/64ffec4406cca0140dfab831/1eeaf748-8eb0-11ee-a7d4-f2309c23f2b6_23663688.jpg",
      "categories": [
        "TRVANLIVÉ",
        "MEZINÁRODNÍ KUCHYNĚ"
      ],
      "prices": [
        {
          "store_name": "Albert",
          "price": 35.9,
          "original_price": null,
          "unit_price": 718.0,
          "unit": "Kg",
          "package_size": "50 g",
          "condition": null
        }
      ],
      "description": null
    },
    {
      "name": "Kotányi Šafrán pravý",
      "brand": "Kotányi",
      "product_url": "https://wolt.com/cs/cze/prague/venue/albert-vinohradska/kotanyi-safran-pravy-itemid-657233256818b938df9486c7",
      "image_url": "https://imageproxy.wolt.com/menu/menu-images/64ffec4406cca0140dfab831/3c58ac6a-8eb2-11ee-847e-76d18bdc0849_24684651.jpg",
      "categories": [
        "TRVANLIVÉ",
        "KOŘENÍ A OCHUCOVADLA"
      ],
      "prices": [
        {
          "store_name": "Albert",
          "price": null,
          "original_price": null,
          "unit_price": 31.9,
          "unit": "ks",
          "package_size": "‪1‬ kus",
          "condition": "Sleva"
        }
      ],
      "description": null
    },
    {
      "name": "Wilkinson Sword Xtreme3 Sensitive holicí strojek",
      "brand": "Wilkinson",
      "product_url": "https://wolt.com/cs/cze/prague/venue/albert-vinohradska/wilkinson-sword-xtreme3-sensitive-holici-strojek-itemid-64ca0b7cba162577de489c92",
      "image_url": "https://imageproxy.wolt.com/menu/menu-images/64ffec4406cca0140dfab831/eb50afd6-8eb4-11ee-b9af-fe2992cf6bd0_25455656.jpg",
      "categories": [
        "DROGERIE A KOSMETIKA",
        "HOLENÍ A DEPILACE"
      ],
      "prices": [
        {
          "store_name": "Albert",
          "price": 129.9,
          "original_price": null,
          "unit_price": 32.48,
          "unit": "ks",
          "package_size": "‪4‬ kusů",
          "condition": null
        }
      ],
      "description": null
    },
    {
      "name": "Gustona Broskve ve sladkém nálevu",
      "brand": "Gustona",
      "product_url": "https://wolt.com/cs/cze/prague/venue/albert-vinohradska/gustona-broskve-ve-sladkem-nalevu-itemid-64ca0b7cba162577de4887b7",
      "image_url": "https://imageproxy.wolt.com/menu/menu-images/63ad795db242366d1f818f36/37268d20-7826-11f0-8df0-7ed491cabdcb_26424729.jpg",
      "categories": [
        "TRVANLIVÉ",
        "KONZERVOVANÉ POTR."
      ],
      "prices": [
        {
          "store_name": "Albert",
          "price": 67.9,
          "original_price": null,
          "unit_price": 141.46,
          "unit": "Kg",
          "package_size": "480 g",
          "condition": null
        }
      ],
      "description": null
    },
    {
      "name": "Nutrend Deluxe Proteinová tyčinka příchuť brownie",
      "brand": "Nutrend",
      "product_url": "https://wolt.com/cs/cze/prague/venue/albert-vinohradska/nutrend-deluxe-proteinova-tycinka-prichut-brownie-itemid-64ca0b7cba162577de48a0cd",
      "image_url": "https://imageproxy.wolt.com/menu/menu-images/64ffec4406cca0140dfab831/fd677f6c-8ebc-11ee-bace-92f467c0c86c_26896403.jpg",
      "categories": [
        "TRVANLIVÉ",
        "MÜSLI A CEREÁLIE"
      ],
      "prices": [
        {
          "store_name": "Albert",
          "price": null,
          "original_price": null,
          "unit_price": 665.0,
          "unit": "Kg",
          "package_size": "60 g",
          "condition": "Sleva"
        }
      ],
      "description": null
    },
    {
      "name": "Nature's Promise Tofu korma s rýží",
      "brand": "Nature's Promise",
      "product_url": "https://wolt.com/cs/cze/prague/venue/albert-vinohradska/nature-s-promise-tofu-korma-s-ryzi-itemid-657233256818b938df947cd3",
      "image_url": "https://imageproxy.wolt.com/menu/menu-images/64ffec4406cca0140dfab831/d4a7cad8-8ebb-11ee-9e3f-62f0ef4f63d8_26806389.jpg",
      "categories": [
        "UZENINY A LAHŮDKY",
        "HOTOVKY A PŘÍLOHY"
      ],
      "prices": [
        {
          "store_name": "Albert",
          "price": null,
          "original_price": null,
          "unit_price": 149.75,
          "unit": "Kg",
          "package_size": "400 g",
          "condition": "Sleva"
        }
      ],
      "description": null
    },
    {
      "name": "Dr. Oetker Zdobení duhové kuličky",
      "brand": "Dr. Oetker",
      "product_url": "https://wolt.com/cs/cze/prague/venue/albert-vinohradska/dr-oetker-zdobeni-duhove-kulicky-itemid-64ca0b7cba162577de489e5d",
      "image_url": "https://imageproxy.wolt.com/menu/menu-images/63ad795db242366d1f818f36/01463508-a8ea-11f0-98ff-bac29f515f79_24766111.jpg",
      "categories": [
        "TRVANLIVÉ",
        "PEČENÍ A VAŘENÍ"
      ],
      "prices": [
        {
          "store_name": "Albert",
          "price": 49.9,
          "original_price": null,
          "unit_price": 767.69,
          "unit": "Kg",
          "package_size": "65 g",
          "condition": null
        }
      ],
      "description": null
    },
    {
      "name": "Pickwick Ovocný čaj variace",
      "brand": "Pickwick",
      "product_url": "https://wolt.com/cs/cze/prague/venue/albert-vinohradska/pickwick-ovocny-caj-variace-itemid-64ca0b7cba162577de488bd9",
      "image_url": "https://imageproxy.wolt.com/menu/menu-images/64ffec4406cca0140dfab831/bf106af2-8eb3-11ee-b733-b6ff72c7a500_25129885.jpg",
      "categories": [
        "NÁPOJE",
        "KÁVA A ČAJ"
      ],
      "prices": [
        {
          "store_name": "Albert",
          "price": 32.9,
          "original_price": null,
          "unit_price": 865.79,
          "unit": "Kg",
          "package_size": "38 g",
          "condition": null
        }
      ],
      "description": null
    },
    {
      "name": "Albert Obložené vejce",
      "brand": "Albert",
      "product_url": "https://wolt.com/cs/cze/prague/venue/albert-vinohradska/albert-oblozene-vejce-itemid-64ca0b7cba162577de4884b1",
      "image_url": "https://imageproxy.wolt.com/menu/menu-images/64ffec4406cca0140dfab831/8903f79e-8ec2-11ee-98d8-261fd742ff1a_27305263.jpg",
      "categories": [
        "UZENINY A LAHŮDKY",
        "LAHŮDKY"
      ],
      "prices": [
        {
          "store_name": "Albert",
          "price": 39.9,
          "original_price": null,
          "unit_price": 266.0,
          "unit": "Kg",
          "package_size": "150 g",
          "condition": null
        }
      ],
      "description": null
    },
    {
      "name": "Olma Klasik jogurt bílý",
      "brand": "Olma",
      "product_url": "https://wolt.com/cs/cze/prague/venue/albert-vinohradska/olma-klasik-jogurt-bily-itemid-64ca0b7cba162577de489164",
      "image_url": "https://imageproxy.wolt.com/menu/menu-images/64ffec4406cca0140dfab831/22dcdac8-8eac-11ee-a4c8-1ef82258dff4_20295592.jpg",
      "categories": [
        "MLÉČNÉ A CHLAZENÉ",
        "JOGURTY A DEZERTY"
      ],
      "prices": [
        {
          "store_name": "Albert",
          "price": null,
          "original_price": null,
          "unit_price": 66.0,
          "unit": "Kg",
          "package_size": "150 g",
          "condition": "Sleva"
        }
      ],
      "description": null
    },
    {
      "name": "Nature's Promise Eco Prací gel levandule",
      "brand": "Nature's Promise",
      "product_url": "https://wolt.com/cs/cze/prague/venue/albert-vinohradska/nature-s-promise-eco-praci-gel-levandule-itemid-64ca0b7cba162577de4893aa",
      "image_url": "https://imageproxy.wolt.com/menu/menu-images/64ffec4406cca0140dfab831/09fa3204-8ec9-11ee-9757-2e335c36891d_27736326.jpg",
      "categories": [
        "DROGERIE A KOSMETIKA",
        "PRACÍ PROSTŘEDKY"
      ],
      "prices": [
        {
          "store_name": "Albert",
          "price": null,
          "original_price": null,
          "unit_price": 119.9,
          "unit": "l",
          "package_size": "1 l",
          "condition": "Sleva"
        }
      ],
      "description": null
    },
    {
      "name": "Carte d'Or Baileys flav. Vanilla",
      "brand": "Carte",
      "product_url": "https://wolt.com/cs/cze/prague/venue/albert-vinohradska/carte-d-or-baileys-flav-vanilla-itemid-6876153a0c6218e9f3e5f493",
      "image_url": "https://imageproxy.wolt.com/menu/menu-images/64b62ec5e5ab70cdc92e30f0/2f10c8ee-616f-11f0-9e64-0e6ec821f888_27857021.jpg",
      "categories": [
        "MRAŽENÉ POTRAVINY",
        "ZMRZLINA A NANUKY"
      ],
      "prices": [
        {
          "store_name": "Albert",
          "price": 99.9,
          "original_price": null,
          "unit_price": 121.09,
          "unit": "l",
          "package_size": "825 ml",
          "condition": null
        }
      ],
      "description": null
    },
    {
      "name": "Vitana Steaková omáčka švestková",
      "brand": "Vitana",
      "product_url": "https://wolt.com/cs/cze/prague/venue/albert-vinohradska/vitana-steakova-omacka-svestkova-itemid-64ca0b7cba162577de489c90",
      "image_url": "https://imageproxy.wolt.com/menu/menu-images/63ad795db242366d1f818f36/2ff63eaa-4e4d-11ef-b465-e6b74d720bae_23885080.jpg",
      "categories": [
        "TRVANLIVÉ",
        "KEČUPY A HOŘČICE"
      ],
      "prices": [
        {
          "store_name": "Albert",
          "price": 79.9,
          "original_price": null,
          "unit_price": 319.6,
          "unit": "l",
          "package_size": "250 ml",
          "condition": null
        }
      ],
      "description": null
    },
    {
      "name": "Président Rondelé s ořechy",
      "brand": "Président",
      "product_url": "https://wolt.com/cs/cze/prague/venue/albert-vinohradska/president-rondele-s-orechy-itemid-64ca0b7cba162577de489a2e",
      "image_url": "https://imageproxy.wolt.com/menu/menu-images/64ffec4406cca0140dfab831/7f0afdf0-8eb3-11ee-8afd-1e037cde04d4_25055719.jpg",
      "categories": [
        "MLÉČNÉ A CHLAZENÉ",
        "SÝRY"
      ],
      "prices": [
        {
          "store_name": "Albert",
          "price": 52.9,
          "original_price": null,
          "unit_price": 529.0,
          "unit": "Kg",
          "package_size": "100 g",
          "condition": null
        }
      ],
      "description": null
    },
    {
      "name": "Flora Gold",
      "brand": "Flora",
      "product_url": "https://wolt.com/cs/cze/prague/venue/albert-vinohradska/flora-gold-itemid-64ca0b7cba162577de489b41",
      "image_url": "https://imageproxy.wolt.com/menu/menu-images/64ffec4406cca0140dfab831/a26dfb86-8eb7-11ee-beae-ca3c3355ab39_25991147.jpg",
      "categories": [
        "MLÉČNÉ A CHLAZENÉ",
        "MÁSLO A TUKY"
      ],
      "prices": [
        {
          "store_name": "Albert",
          "price": 79.9,
          "original_price": null,
          "unit_price": 199.75,
          "unit": "Kg",
          "package_size": "400 g",
          "condition": null
        }
      ],
      "description": null
    },
    {
      "name": "Jacobs Gold instantní káva",
      "brand": "Jacobs",
      "product_url": "https://wolt.com/cs/cze/prague/venue/albert-vinohradska/jacobs-gold-instantni-kava-itemid-64ca0b7cba162577de489a06",
      "image_url": "https://imageproxy.wolt.com/menu/menu-images/64ffec4406cca0140dfab831/0e8d57ba-8eb0-11ee-9d7d-aa21438df9a4_23627208.jpg",
      "categories": [
        "NÁPOJE",
        "KÁVA A ČAJ"
      ],
      "prices": [
        {
          "store_name": "Albert",
          "price": 189.0,
          "original_price": null,
          "unit_price": 945.0,
          "unit": "Kg",
          "package_size": "200 g",
          "condition": null
        }
      ],
      "description": null
    },
    {
      "name": "Dermacol Aroma Ritual Grape & Lime sprchový gel",
      "brand": "Dermacol",
      "product_url": "https://wolt.com/cs/cze/prague/venue/albert-vinohradska/dermacol-aroma-ritual-grape-lime-sprchovy-gel-itemid-64ca0b7cba162577de489e90",
      "image_url": "https://imageproxy.wolt.com/menu/menu-images/64ffec4406cca0140dfab831/b11052da-8eb5-11ee-9059-e2efa80c37b6_25613537.jpg",
      "categories": [
        "DROGERIE A KOSMETIKA",
        "MÝDLA A GELY"
      ],
      "prices": [
        {
          "store_name": "Albert",
          "price": 54.9,
          "original_price": null,
          "unit_price": 219.6,
          "unit": "l",
          "package_size": "250 ml",
          "condition": null
        }
      ],
      "description": null
    },
    {
      "name": "Omega 100% rostlinný tuk na polevy",
      "brand": "Omega",
      "product_url": "https://wolt.com/cs/cze/prague/venue/albert-vinohradska/omega-100-rostlinny-tuk-na-polevy-itemid-657233256818b938df94858b",
      "image_url": "https://imageproxy.wolt.com/menu/menu-images/64ffec4406cca0140dfab831/76fcd68a-8eb6-11ee-9090-1ec840397d06_25753851.jpg",
      "categories": [
        "MLÉČNÉ A CHLAZENÉ",
        "MÁSLO A TUKY"
      ],
      "prices": [
        {
          "store_name": "Albert",
          "price": 59.9,
          "original_price": null,
          "unit_price": 239.6,
          "unit": "Kg",
          "package_size": "250 g",
          "condition": null
        }
      ],
      "description": null
    },
    {
      "name": "Indulona Tekuté mýdlo náhradní náplň",
      "brand": "Indulona",
      "product_url": "https://wolt.com/cs/cze/prague/venue/albert-vinohradska/indulona-tekute-mydlo-nahradni-napln-itemid-6601f24e3f79cd7d63a41679",
      "image_url": "https://imageproxy.wolt.com/menu/menu-images/6601c613e48d1c8d95333085/e5fefde4-eae4-11ee-9838-aae3aea8b537_27728628.jpg",
      "categories": [
        "DROGERIE A KOSMETIKA",
        "MÝDLA A GELY"
      ],
      "prices": [
        {
          "store_name": "Albert",
          "price": 79.9,
          "original_price": null,
          "unit_price": 159.8,
          "unit": "l",
          "package_size": "500 ml",
          "condition": null
        }
      ],
      "description": null
    },
    {
      "name": "Aviril Dětský olej s azulenem",
      "brand": "Aviril",
      "product_url": "https://wolt.com/cs/cze/prague/venue/albert-vinohradska/aviril-detsky-olej-s-azulenem-itemid-64ca0b7cba162577de488ce3",
      "image_url": "https://imageproxy.wolt.com/menu/menu-images/64ffec4406cca0140dfab831/dafdbee4-8eb4-11ee-85aa-c64f1deb8de2_25440256.jpg",
      "categories": [
        "DÍTĚ",
        "DĚTSKÁ KOSMETIKA"
      ],
      "prices": [
        {
          "store_name": "Albert",
          "price": 32.9,
          "original_price": null,
          "unit_price": 658.0,
          "unit": "l",
          "package_size": "50 ml",
          "condition": null
        }
      ],
      "description": null
    },
    {
      "name": "Hardys Bin Colombard Chardonnay",
      "brand": "Hardys",
      "product_url": "https://wolt.com/cs/cze/prague/venue/albert-vinohradska/hardys-bin-colombard-chardonnay-itemid-651c843e9c8558b424347e2e",
      "image_url": "https://imageproxy.wolt.com/menu/menu-images/64ffec4406cca0140dfab831/6af2f8a4-8eb3-11ee-8df3-aa70cbf91f77_25036640.jpg",
      "categories": [
        "NÁPOJE",
        "VÍNA"
      ],
      "prices": [
        {
          "store_name": "Albert",
          "price": 134.9,
          "original_price": null,
          "unit_price": 179.87,
          "unit": "l",
          "package_size": "750 ml, 12,5% alc",
          "condition": "18+"
        }
      ],
      "description": null
    },
    {
      "name": "Asconi Chardonnay",
      "brand": "Asconi",
      "product_url": "https://wolt.com/cs/cze/prague/venue/albert-vinohradska/asconi-chardonnay-itemid-657233256818b938df9480bd",
      "image_url": "https://imageproxy.wolt.com/menu/menu-images/64ffec4406cca0140dfab831/3cfc6972-8eb7-11ee-b5a0-96ff514b0205_25922677.jpg",
      "categories": [
        "NÁPOJE",
        "VÍNA"
      ],
      "prices": [
        {
          "store_name": "Albert",
          "price": 115.9,
          "original_price": null,
          "unit_price": 154.53,
          "unit": "l",
          "package_size": "750 ml, 12% alc",
          "condition": "18+"
        }
      ],
      "description": null
    },
    {
      "name": "Labeta Želatina na vaječnou tlačenku",
      "brand": "Labeta",
      "product_url": "https://wolt.com/cs/cze/prague/venue/albert-vinohradska/labeta-zelatina-na-vajecnou-tlacenku-itemid-6601e18a3f79cd7d63a3c866",
      "image_url": "https://imageproxy.wolt.com/menu/menu-images/6601c613e48d1c8d95333085/29e9e5a8-eae2-11ee-a559-c6ec51218b94_21432491.jpg",
      "categories": [
        "TRVANLIVÉ",
        "PEČENÍ A VAŘENÍ"
      ],
      "prices": [
        {
          "store_name": "Albert",
          "price": 19.9,
          "original_price": null,
          "unit_price": 995.0,
          "unit": "Kg",
          "package_size": "20 g",
          "condition": null
        }
      ],
      "description": null
    },
    {
      "name": "Emma Arašídy v mléčné čokoládě",
      "brand": "Emma",
      "product_url": "https://wolt.com/cs/cze/prague/venue/albert-vinohradska/emma-arasidy-v-mlecne-cokolade-itemid-64ca0b7cba162577de4887ed",
      "image_url": "https://imageproxy.wolt.com/menu/menu-images/63ad795db242366d1f818f36/f0a95384-d995-11ef-b4db-0213c139ed5a_23711600.jpg",
      "categories": [
        "OVOCE A ZELENINA",
        "SUCHÉ PLODY"
      ],
      "prices": [
        {
          "store_name": "Albert",
          "price": 64.9,
          "original_price": null,
          "unit_price": 324.5,
          "unit": "Kg",
          "package_size": "200 g",
          "condition": null
        }
      ],
      "description": null
    },
    {
      "name": "Nature’s Promise Jogurt ovčí slaný karamel",
      "brand": "Nature’s",
      "product_url": "https://wolt.com/cs/cze/prague/venue/albert-vinohradska/nature-s-promise-jogurt-ovci-slany-karamel-itemid-657233256818b938df948a18",
      "image_url": "https://imageproxy.wolt.com/menu/menu-images/64ffec4406cca0140dfab831/15ac9234-8ecb-11ee-b091-ce68e196a335_27794784.jpg",
      "categories": [
        "MLÉČNÉ A CHLAZENÉ",
        "JOGURTY A DEZERTY"
      ],
      "prices": [
        {
          "store_name": "Albert",
          "price": null,
          "original_price": null,
          "unit_price": 159.33,
          "unit": "Kg",
          "package_size": "150 g",
          "condition": "Sleva"
        }
      ],
      "description": null
    },
    {
      "name": "La Chouffe Houblon IPA",
      "brand": "La",
      "product_url": "https://wolt.com/cs/cze/prague/venue/albert-vinohradska/la-chouffe-houblon-ipa-itemid-657233256818b938df9486ea",
      "image_url": "https://imageproxy.wolt.com/menu/menu-images/64ffec4406cca0140dfab831/0a07a734-8ebc-11ee-be20-6e81ffaa4982_26816494.jpg",
      "categories": [
        "NÁPOJE",
        "PIVA"
      ],
      "prices": [
        {
          "store_name": "Albert",
          "price": 84.9,
          "original_price": null,
          "unit_price": 257.27,
          "unit": "l",
          "package_size": "330 ml, 9% alc",
          "condition": "18+, Vyprodáno"
        }
      ],
      "description": null
    },
    {
      "name": "Franz Josef Kaiser Rýžový olej",
      "brand": "Franz Josef Kaiser",
      "product_url": "https://wolt.com/cs/cze/prague/venue/albert-vinohradska/franz-josef-kaiser-ryzovy-olej-itemid-657233256818b938df94833c",
      "image_url": "https://imageproxy.wolt.com/menu/menu-images/64ffec4406cca0140dfab831/0db500b4-8ec8-11ee-8bac-6e0f65c8f049_27698587.jpg",
      "categories": [
        "TRVANLIVÉ",
        "OLEJE A OCTY"
      ],
      "prices": [
        {
          "store_name": "Albert",
          "price": 164.0,
          "original_price": null,
          "unit_price": 218.67,
          "unit": "l",
          "package_size": "750 ml",
          "condition": null
        }
      ],
      "description": null
    },
    {
      "name": "Ponnath Párky Frankfurtské",
      "brand": "Ponnath",
      "product_url": "https://wolt.com/cs/cze/prague/venue/albert-vinohradska/ponnath-parky-frankfurtske-itemid-64ca0b7cba162577de4885d3",
      "image_url": "https://imageproxy.wolt.com/menu/menu-images/64ffec4406cca0140dfab831/79eef362-8eb3-11ee-88ad-22a8008f3216_25054781.jpg",
      "categories": [
        "UZENINY A LAHŮDKY",
        "PÁRKY A KLOBÁSY"
      ],
      "prices": [
        {
          "store_name": "Albert",
          "price": 74.9,
          "original_price": null,
          "unit_price": 374.5,
          "unit": "Kg",
          "package_size": "200 g",
          "condition": null
        }
      ],
      "description": null
    },
    {
      "name": "Activia Jogurt jahodový probiotický",
      "brand": "Activia",
      "product_url": "https://wolt.com/cs/cze/prague/venue/albert-vinohradska/activia-jogurt-jahodovy-probioticky-itemid-64ca0b7cba162577de489257",
      "image_url": "https://imageproxy.wolt.com/menu/menu-images/64ffec4406cca0140dfab831/9645d35a-8eae-11ee-b39e-56164190c6db_22593863.jpg",
      "categories": [
        "MLÉČNÉ A CHLAZENÉ",
        "JOGURTY A DEZERTY"
      ],
      "prices": [
        {
          "store_name": "Albert",
          "price": 19.9,
          "original_price": null,
          "unit_price": 165.83,
          "unit": "Kg",
          "package_size": "120 g",
          "condition": null
        }
      ],
      "description": null
    },
    {
      "name": "Exotic Food Authentic Thai Zelená kari pasta",
      "brand": "Exotic",
      "product_url": "https://wolt.com/cs/cze/prague/venue/albert-vinohradska/exotic-food-authentic-thai-zelena-kari-pasta-itemid-64ca0b7cba162577de489c10",
      "image_url": "https://imageproxy.wolt.com/menu/menu-images/64ffec4406cca0140dfab831/1bba636a-8eb0-11ee-813f-6acfb8ed3f7f_23663671.jpg",
      "categories": [
        "TRVANLIVÉ",
        "MEZINÁRODNÍ KUCHYNĚ"
      ],
      "prices": [
        {
          "store_name": "Albert",
          "price": 35.9,
          "original_price": null,
          "unit_price": 718.0,
          "unit": "Kg",
          "package_size": "50 g",
          "condition": null
        }
      ],
      "description": null
    },
    {
      "name": "Schwartau Extra džem červený rybíz",
      "brand": "Schwartau",
      "product_url": "https://wolt.com/cs/cze/prague/venue/albert-vinohradska/schwartau-extra-dzem-cerveny-rybiz-itemid-6601ea109fe4efe7db74b376",
      "image_url": "https://imageproxy.wolt.com/menu/menu-images/6601c613e48d1c8d95333085/ee52f97a-eae2-11ee-be3c-aae3aea8b537_25926613.jpg",
      "categories": [
        "TRVANLIVÉ",
        "MEDY A SL. POMAZÁNKY"
      ],
      "prices": [
        {
          "store_name": "Albert",
          "price": 106.9,
          "original_price": null,
          "unit_price": 314.41,
          "unit": "Kg",
          "package_size": "340 g",
          "condition": null
        }
      ],
      "description": null
    },
    {
      "name": "Sam Mills Pasta d'Oro Vřetena bez lepku",
      "brand": "Sam",
      "product_url": "https://wolt.com/cs/cze/prague/venue/albert-vinohradska/sam-mills-pasta-d-oro-vretena-bez-lepku-itemid-64ca0b7cba162577de488797",
      "image_url": "https://imageproxy.wolt.com/menu/menu-images/64ffec4406cca0140dfab831/9b84cba4-8eb4-11ee-83a4-166df9adf1b7_25363074.jpg",
      "categories": [
        "TRVANLIVÉ",
        "TĚSTOVINY A KUSKUS"
      ],
      "prices": [
        {
          "store_name": "Albert",
          "price": null,
          "original_price": null,
          "unit_price": 67.8,
          "unit": "Kg",
          "package_size": "500 g",
          "condition": "Sleva"
        }
      ],
      "description": null
    },
    {
      "name": "Pampers Pants plenkové kalhotky, velikost 6",
      "brand": "Pampers",
      "product_url": "https://wolt.com/cs/cze/prague/venue/albert-vinohradska/pampers-pants-plenkove-kalhotky-velikost-6-itemid-64ca0b7cba162577de48a073",
      "image_url": "https://imageproxy.wolt.com/menu/menu-images/64ffec4406cca0140dfab831/d101ea50-8ebe-11ee-9da1-aa877d47d6e0_27067734.jpg",
      "categories": [
        "DÍTĚ",
        "PLENY A PODLOŽKY"
      ],
      "prices": [
        {
          "store_name": "Albert",
          "price": null,
          "original_price": null,
          "unit_price": 9.14,
          "unit": "ks",
          "package_size": "‪36‬ kusů",
          "condition": "Sleva"
        }
      ],
      "description": null
    },
    {
      "name": "Tento Natural Softness kapesníky",
      "brand": "Tento",
      "product_url": "https://wolt.com/cs/cze/prague/venue/albert-vinohradska/tento-natural-softness-kapesniky-itemid-64ca0b7cba162577de488d2b",
      "image_url": "https://imageproxy.wolt.com/menu/menu-images/63ad795db242366d1f818f36/0c37ebaa-a8ea-11f0-be10-eef0bed6691b_25684711.jpg",
      "categories": [
        "DROGERIE A KOSMETIKA",
        "PAPÍROVÁ HYGIENA"
      ],
      "prices": [
        {
          "store_name": "Albert",
          "price": 43.9,
          "original_price": null,
          "unit_price": 4.39,
          "unit": "ks",
          "package_size": "‪10‬ kusů",
          "condition": null
        }
      ],
      "description": null
    },
    {
      "name": "Albert Provensálské koření",
      "brand": "Albert",
      "product_url": "https://wolt.com/cs/cze/prague/venue/albert-vinohradska/albert-provensalske-koreni-itemid-660206853f79cd7d63a54f0b",
      "image_url": "https://imageproxy.wolt.com/menu/menu-images/6601c613e48d1c8d95333085/d37d8556-eae3-11ee-a4b7-0a57c3b26f42_27244746.jpg",
      "categories": [
        "TRVANLIVÉ",
        "KOŘENÍ A OCHUCOVADLA"
      ],
      "prices": [
        {
          "store_name": "Albert",
          "price": 7.9,
          "original_price": null,
          "unit_price": 790.0,
          "unit": "Kg",
          "package_size": "10 g",
          "condition": null
        }
      ],
      "description": null
    },
    {
      "name": "Mistrovský koláč s tvarohem",
      "brand": "Mistrovský",
      "product_url": "https://wolt.com/cs/cze/prague/venue/albert-vinohradska/mistrovsky-kolac-s-tvarohem-itemid-681b5abffcbd67bf7a8f4b5c",
      "image_url": "https://imageproxy.wolt.com/menu/menu-images/63ad795db242366d1f818f36/0cf44ffe-2b48-11f0-8d15-e66f4648c6a0_27985434.jpg",
      "categories": [
        "PEKÁRNA A CUKRÁRNA",
        "SLADKÉ PEČIVO VOLNÉ"
      ],
      "prices": [
        {
          "store_name": "Albert",
          "price": 19.9,
          "original_price": null,
          "unit_price": 248.75,
          "unit": "Kg",
          "package_size": "80 g",
          "condition": "Vyprodáno"
        }
      ],
      "description": null
    },
    {
      "name": "Albert Čočka velkozrnná",
      "brand": "Albert",
      "product_url": "https://wolt.com/cs/cze/prague/venue/albert-vinohradska/albert-cocka-velkozrnna-itemid-64ca0b7cba162577de488321",
      "image_url": "https://imageproxy.wolt.com/menu/menu-images/64ffec4406cca0140dfab831/2ad30198-8ec1-11ee-b126-4eeff7c63e9c_27219508.jpg",
      "categories": [
        "TRVANLIVÉ",
        "RÝŽE A LUŠTENINY"
      ],
      "prices": [
        {
          "store_name": "Albert",
          "price": 33.9,
          "original_price": null,
          "unit_price": 67.8,
          "unit": "Kg",
          "package_size": "500 g",
          "condition": null
        }
      ],
      "description": null
    },
    {
      "name": "Linteo Toaletní papír Satin třívrstvý",
      "brand": "Linteo",
      "product_url": "https://wolt.com/cs/cze/prague/venue/albert-vinohradska/linteo-toaletni-papir-satin-trivrstvy-itemid-64ca0b7cba162577de488d3f",
      "image_url": "https://imageproxy.wolt.com/menu/menu-images/63ad795db242366d1f818f36/b3a9f41e-b931-11ee-8978-666f7f9dd0fc_26747316.jpg",
      "categories": [
        "DROGERIE A KOSMETIKA",
        "PAPÍROVÁ HYGIENA"
      ],
      "prices": [
        {
          "store_name": "Albert",
          "price": 99.9,
          "original_price": null,
          "unit_price": 0.83,
          "unit": "ks",
          "package_size": "‪120‬ kusů",
          "condition": null
        }
      ],
      "description": null
    },
    {
      "name": "Pita original Pita placky k dopečení",
      "brand": "Pita",
      "product_url": "https://wolt.com/cs/cze/prague/venue/albert-vinohradska/pita-original-pita-placky-k-dopeceni-itemid-657233256818b938df9478f1",
      "image_url": "https://imageproxy.wolt.com/menu/menu-images/64ffec4406cca0140dfab831/a17fbe5e-8ebb-11ee-8c25-9ec5d8563a7d_26786698.jpg",
      "categories": [
        "PEKÁRNA A CUKRÁRNA",
        "SLANÉ PEČIVO BALENÉ"
      ],
      "prices": [
        {
          "store_name": "Albert",
          "price": 49.9,
          "original_price": null,
          "unit_price": 99.8,
          "unit": "Kg",
          "package_size": "500 g",
          "condition": "Vyprodáno"
        }
      ],
      "description": null
    },
    {
      "name": "Davidoff Rich Aroma Vivid and Spicy mletá káva",
      "brand": "Davidoff",
      "product_url": "https://wolt.com/cs/cze/prague/venue/albert-vinohradska/davidoff-rich-aroma-vivid-and-spicy-mleta-kava-itemid-64ca0b7cba162577de489e38",
      "image_url": "https://imageproxy.wolt.com/menu/menu-images/64ffec4406cca0140dfab831/8930be96-8eae-11ee-ac94-ca775a3f94cd_22503695.jpg",
      "categories": [
        "NÁPOJE",
        "KÁVA A ČAJ"
      ],
      "prices": [
        {
          "store_name": "Albert",
          "price": 299.0,
          "original_price": null,
          "unit_price": 1196.0,
          "unit": "Kg",
          "package_size": "250 g",
          "condition": null
        }
      ],
      "description": null
    },
    {
      "name": "Kostíci Sladkáči Jogurt bílý slazený",
      "brand": "Kostíci",
      "product_url": "https://wolt.com/cs/cze/prague/venue/albert-vinohradska/kostici-sladkaci-jogurt-bily-slazeny-itemid-64ca0b7cba162577de4892a0",
      "image_url": "https://imageproxy.wolt.com/menu/menu-images/63ad795db242366d1f818f36/88b8ccde-2183-11ef-9371-ce15ca160239_26531823.jpg",
      "categories": [
        "MLÉČNÉ A CHLAZENÉ",
        "JOGURTY A DEZERTY"
      ],
      "prices": [
        {
          "store_name": "Albert",
          "price": 21.9,
          "original_price": null,
          "unit_price": 200.92,
          "unit": "Kg",
          "package_size": "109 g",
          "condition": null
        }
      ],
      "description": null
    },
    {
      "name": "L'OR Lungo Profondo kapsle",
      "brand": "L'OR",
      "product_url": "https://wolt.com/cs/cze/prague/venue/albert-vinohradska/l-or-lungo-profondo-kapsle-itemid-64ca0b7cba162577de48940c",
      "image_url": "https://imageproxy.wolt.com/menu/menu-images/63ad795db242366d1f818f36/952d1848-b315-11ef-a7ca-8223c67eccfc_26979816.jpg",
      "categories": [
        "NÁPOJE",
        "KÁVA A ČAJ"
      ],
      "prices": [
        {
          "store_name": "Albert",
          "price": 129.9,
          "original_price": null,
          "unit_price": 12.99,
          "unit": "ks",
          "package_size": "‪10‬ kusů",
          "condition": null
        }
      ],
      "description": null
    },
    {
      "name": "First Class Paštika pro psy s králíkem",
      "brand": "First",
      "product_url": "https://wolt.com/cs/cze/prague/venue/albert-vinohradska/first-class-pastika-pro-psy-s-kralikem-itemid-6601ee76fe1b01cffb96cfb3",
      "image_url": "https://imageproxy.wolt.com/menu/menu-images/6601c613e48d1c8d95333085/4598141e-eae2-11ee-b55d-767946bf8e19_22910288.jpg",
      "categories": [
        "ZVÍŘATA",
        "PSI"
      ],
      "prices": [
        {
          "store_name": "Albert",
          "price": 24.9,
          "original_price": null,
          "unit_price": 166.0,
          "unit": "Kg",
          "package_size": "150 g",
          "condition": null
        }
      ],
      "description": null
    },
    {
      "name": "Albert 100% Ovocná šťáva broskev, banán, mango",
      "brand": "Albert",
      "product_url": "https://wolt.com/cs/cze/prague/venue/albert-vinohradska/albert-100-ovocna-stava-broskev-banan-mango-itemid-657233256818b938df948a72",
      "image_url": "https://imageproxy.wolt.com/menu/menu-images/63ad795db242366d1f818f36/49bfb898-0609-11ef-aeae-5683d4aab033_27193655.jpg",
      "categories": [
        "NÁPOJE",
        "DŽUSY A NEKTARY"
      ],
      "prices": [
        {
          "store_name": "Albert",
          "price": null,
          "original_price": null,
          "unit_price": 139.5,
          "unit": "l",
          "package_size": "200 ml",
          "condition": "Sleva"
        }
      ],
      "description": null
    },
    {
      "name": "Nowaco Zeleninová směs pod svíčkovou",
      "brand": "Nowaco",
      "product_url": "https://wolt.com/cs/cze/prague/venue/albert-vinohradska/nowacozeleninova-smes-pod-svickovou-itemid-6876153a0c6218e9f3e5f43a",
      "image_url": "https://imageproxy.wolt.com/menu/menu-images/64b62ec5e5ab70cdc92e30f0/fd845a66-616e-11f0-8e3f-7ad3a1889474_26956756.jpg",
      "categories": [
        "MRAŽENÉ POTRAVINY",
        "MRAŽENÉ OVOCE A ZELENINA"
      ],
      "prices": [
        {
          "store_name": "Albert",
          "price": 34.9,
          "original_price": null,
          "unit_price": 99.71,
          "unit": "Kg",
          "package_size": "350 g",
          "condition": null
        }
      ],
      "description": null
    },
    {
      "name": "Dove Advanced Nourishing Silk",
      "brand": "Dove",
      "product_url": "https://wolt.com/cs/cze/prague/venue/albert-vinohradska/dove-advanced-nourishing-silk-itemid-651c86d4d59d93da375be140",
      "image_url": "https://imageproxy.wolt.com/menu/menu-images/63ad795db242366d1f818f36/b8dc3f90-3213-11ef-afd4-e6e2e2988554_27754801.jpg",
      "categories": [
        "DROGERIE A KOSMETIKA",
        "MÝDLA A GELY"
      ],
      "prices": [
        {
          "store_name": "Albert",
          "price": 119.9,
          "original_price": null,
          "unit_price": 299.75,
          "unit": "l",
          "package_size": "400 ml",
          "condition": null
        }
      ],
      "description": null
    },
    {
      "name": "Rajčata cherry oválná Hranáček",
      "brand": "Rajčata",
      "product_url": "https://wolt.com/cs/cze/prague/venue/albert-vinohradska/rajcata-cherry-ovalna-hranacek-itemid-681b5abffcbd67bf7a8f4b5f",
      "image_url": "https://imageproxy.wolt.com/menu/menu-images/63ad795db242366d1f818f36/08706842-2b47-11f0-b87e-e2dc59dff9ce_24671132.jpg",
      "categories": [
        "OVOCE A ZELENINA",
        "ZELENINA"
      ],
      "prices": [
        {
          "store_name": "Albert",
          "price": 89.9,
          "original_price": null,
          "unit_price": 359.6,
          "unit": "Kg",
          "package_size": "250 g",
          "condition": null
        }
      ],
      "description": null
    },
    {
      "name": "Metaxa 5* 38%",
      "brand": "Metaxa",
      "product_url": "https://wolt.com/cs/cze/prague/venue/albert-vinohradska/metaxa-5-38-itemid-64ca0b7cba162577de489cf9",
      "image_url": "https://imageproxy.wolt.com/menu/menu-images/64ffec4406cca0140dfab831/30844b72-8eaf-11ee-8276-ca969f421442_23184596.jpg",
      "categories": [
        "NÁPOJE",
        "LIHOVINY"
      ],
      "prices": [
        {
          "store_name": "Albert",
          "price": 489.0,
          "original_price": null,
          "unit_price": 698.57,
          "unit": "l",
          "package_size": "700 ml, 38% alc",
          "condition": "18+, Vyprodáno"
        }
      ],
      "description": null
    },
    {
      "name": "R. Jelínek Hruškovice Williams 42%",
      "brand": "R",
      "product_url": "https://wolt.com/cs/cze/prague/venue/albert-vinohradska/r-jelinek-hruskovice-williams-42-itemid-64ca0b7cba162577de48996f",
      "image_url": "https://imageproxy.wolt.com/menu/menu-images/64ffec4406cca0140dfab831/91411f9c-8eb6-11ee-a2b5-224a9e8cb6c6_25783551.jpg",
      "categories": [
        "NÁPOJE",
        "LIHOVINY"
      ],
      "prices": [
        {
          "store_name": "Albert",
          "price": 429.0,
          "original_price": null,
          "unit_price": 858.0,
          "unit": "l",
          "package_size": "500 ml, 42% alc",
          "condition": "18+"
        }
      ],
      "description": null
    },
    {
      "name": "Rohlík mlynářský žitný",
      "brand": null,
      "product_url": "https://wolt.com/cs/cze/prague/venue/albert-vinohradska/rohlik-mlynarsky-zitny-itemid-657233256818b938df9478e6",
      "image_url": "https://imageproxy.wolt.com/menu/menu-images/63ad795db242366d1f818f36/aed870cc-aef6-11ee-aff9-a6a990b2485b_27344064.jpg",
      "categories": [
        "PEKÁRNA A CUKRÁRNA",
        "SLANÉ PEČIVO VOLNÉ"
      ],
      "prices": [
        {
          "store_name": "Albert",
          "price": 8.9,
          "original_price": null,
          "unit_price": 148.33,
          "unit": "Kg",
          "package_size": "60 g",
          "condition": null
        }
      ],
      "description": null
    },
    {
      "name": "Albert Sládkův salám",
      "brand": "Albert",
      "product_url": "https://wolt.com/cs/cze/prague/venue/albert-vinohradska/albert-sladkuv-salam-itemid-657233256818b938df947826",
      "image_url": "https://imageproxy.wolt.com/menu/menu-images/64ffec4406cca0140dfab831/25184570-8ec5-11ee-b93a-5e8c96b8dcdd_27520963.jpg",
      "categories": [
        "UZENINY A LAHŮDKY",
        "SALÁMY"
      ],
      "prices": [
        {
          "store_name": "Albert",
          "price": 29.9,
          "original_price": null,
          "unit_price": 299.0,
          "unit": "Kg",
          "package_size": "100 g",
          "condition": null
        }
      ],
      "description": null
    },
    {
      "name": "Nestlé Chocapic tyčinka",
      "brand": "Nestlé",
      "product_url": "https://wolt.com/cs/cze/prague/venue/albert-vinohradska/nestle-chocapic-tycinka-itemid-64ca0b7cba162577de48839f",
      "image_url": "https://imageproxy.wolt.com/menu/menu-images/63ad795db242366d1f818f36/07e8f030-66b0-11ef-a66c-6a98067ffbc9_22889690.jpg",
      "categories": [
        "TRVANLIVÉ",
        "MÜSLI A CEREÁLIE"
      ],
      "prices": [
        {
          "store_name": "Albert",
          "price": 17.9,
          "original_price": null,
          "unit_price": 716.0,
          "unit": "Kg",
          "package_size": "25 g",
          "condition": null
        }
      ],
      "description": null
    },
    {
      "name": "Mionetto Prosecco Treviso Extra Dry",
      "brand": "Mionetto",
      "product_url": "https://wolt.com/cs/cze/prague/venue/albert-vinohradska/mionetto-prosecco-treviso-extra-dry-itemid-64ca0b7cba162577de4897fe",
      "image_url": "https://imageproxy.wolt.com/menu/menu-images/64ffec4406cca0140dfab831/6c84fb4e-8eb9-11ee-b311-2672547c66c2_26422831.jpg",
      "categories": [
        "NÁPOJE",
        "VÍNA"
      ],
      "prices": [
        {
          "store_name": "Albert",
          "price": 189.0,
          "original_price": null,
          "unit_price": 252.0,
          "unit": "l",
          "package_size": "750 ml, 11% alc",
          "condition": "18+"
        }
      ],
      "description": null
    },
    {
      "name": "Exotic Food Authentic Thai sladká chilli omáčka",
      "brand": "Exotic",
      "product_url": "https://wolt.com/cs/cze/prague/venue/albert-vinohradska/exotic-food-authentic-thai-sladka-chilli-omacka-itemid-64ca0b7cba162577de489d51",
      "image_url": "https://imageproxy.wolt.com/menu/menu-images/64ffec4406cca0140dfab831/6150b5b6-8eae-11ee-86cf-067f756def6c_22272294.jpg",
      "categories": [
        "TRVANLIVÉ",
        "MEZINÁRODNÍ KUCHYNĚ"
      ],
      "prices": [
        {
          "store_name": "Albert",
          "price": 79.9,
          "original_price": null,
          "unit_price": 319.6,
          "unit": "l",
          "package_size": "250 ml",
          "condition": null
        }
      ],
      "description": null
    },
    {
      "name": "Kapusta hlávková",
      "brand": "Kapusta",
      "product_url": "https://wolt.com/cs/cze/prague/venue/albert-vinohradska/kapusta-hlavkova-itemid-68b4ae1b6b5313fe8fb68719",
      "image_url": "https://imageproxy.wolt.com/menu/menu-images/63ad795db242366d1f818f36/d04fece0-7825-11f0-8de0-3af5a556beee_20449193.jpg",
      "categories": [
        "OVOCE A ZELENINA",
        "ZELENINA"
      ],
      "prices": [
        {
          "store_name": "Albert",
          "price": 79.8,
          "original_price": null,
          "unit_price": null,
          "unit": null,
          "package_size": "~2 kg",
          "condition": null
        }
      ],
      "description": null
    },
    {
      "name": "Albert Cottage cheese pažitka",
      "brand": "Albert",
      "product_url": "https://wolt.com/cs/cze/prague/venue/albert-vinohradska/albert-cottage-cheese-pazitka-itemid-657233256818b938df94783b",
      "image_url": "https://imageproxy.wolt.com/menu/menu-images/64ffec4406cca0140dfab831/f89dad16-8ec7-11ee-b5a6-6e71a63f1558_27692769.jpg",
      "categories": [
        "MLÉČNÉ A CHLAZENÉ",
        "SÝRY"
      ],
      "prices": [
        {
          "store_name": "Albert",
          "price": 26.9,
          "original_price": null,
          "unit_price": 134.5,
          "unit": "Kg",
          "package_size": "200 g",
          "condition": "Vyprodáno"
        }
      ],
      "description": null
    },
    {
      "name": "Albert Směs na svíčkovou",
      "brand": "Albert",
      "product_url": "https://wolt.com/cs/cze/prague/venue/albert-vinohradska/albert-smes-na-svickovou-itemid-64ca0b7cba162577de48a6af",
      "image_url": "https://imageproxy.wolt.com/menu/menu-images/63ad795db242366d1f818f36/34bf5b88-ed44-11ef-8cb3-cab4018544ee_27695449.jpg",
      "categories": [
        "OVOCE A ZELENINA",
        "ZELENINA"
      ],
      "prices": [
        {
          "store_name": "Albert",
          "price": 39.9,
          "original_price": null,
          "unit_price": 53.2,
          "unit": "Kg",
          "package_size": "750 g",
          "condition": null
        }
      ],
      "description": null
    },
    {
      "name": "Nestlé Cini Minis tyčinka",
      "brand": "Nestlé",
      "product_url": "https://wolt.com/cs/cze/prague/venue/albert-vinohradska/nestle-cini-minis-tycinka-itemid-64ca0b7cba162577de488457",
      "image_url": "https://imageproxy.wolt.com/menu/menu-images/63ad795db242366d1f818f36/07e09d90-66b0-11ef-b1eb-42a50b17f019_22889706.jpg",
      "categories": [
        "TRVANLIVÉ",
        "MÜSLI A CEREÁLIE"
      ],
      "prices": [
        {
          "store_name": "Albert",
          "price": 17.9,
          "original_price": null,
          "unit_price": 716.0,
          "unit": "Kg",
          "package_size": "25 g",
          "condition": null
        }
      ],
      "description": null
    },
    {
      "name": "Albert Smetana do kávy 10%",
      "brand": "Albert",
      "product_url": "https://wolt.com/cs/cze/prague/venue/albert-vinohradska/albert-smetana-do-kavy-10-itemid-64ca0b7cba162577de48a1bd",
      "image_url": "https://imageproxy.wolt.com/menu/menu-images/64ffec4406cca0140dfab831/5151c9f4-8eb6-11ee-94b4-be8c16d2d45a_25735369.jpg",
      "categories": [
        "MLÉČNÉ A CHLAZENÉ",
        "SMETANY A ŠLEHAČKY"
      ],
      "prices": [
        {
          "store_name": "Albert",
          "price": 10.9,
          "original_price": null,
          "unit_price": 111.22,
          "unit": "l",
          "package_size": "98 ml",
          "condition": null
        }
      ],
      "description": null
    },
    {
      "name": "Blend 42 Eccentric Air Lime & Mint Vodka 42%",
      "brand": "Blend",
      "product_url": "https://wolt.com/cs/cze/prague/venue/albert-vinohradska/blend-42-eccentric-air-lime-mint-vodka-42-itemid-657233256818b938df9487e8",
      "image_url": "https://imageproxy.wolt.com/menu/menu-images/64ffec4406cca0140dfab831/5fe49330-8eba-11ee-af86-b287692f5450_26625843.jpg",
      "categories": [
        "NÁPOJE",
        "LIHOVINY"
      ],
      "prices": [
        {
          "store_name": "Albert",
          "price": 219.0,
          "original_price": null,
          "unit_price": 438.0,
          "unit": "l",
          "package_size": "500 ml, 42% alc",
          "condition": "18+"
        }
      ],
      "description": null
    },
    {
      "name": "Česká chuť Paprika řezaná",
      "brand": "Česká chuť",
      "product_url": "https://wolt.com/cs/cze/prague/venue/albert-vinohradska/ceska-chut-paprika-rezana-itemid-64ca0b7cba162577de489985",
      "image_url": "https://imageproxy.wolt.com/menu/menu-images/64ffec4406cca0140dfab831/f488b122-8ebc-11ee-a8e6-963b628c98c7_26890395.jpg",
      "categories": [
        "TRVANLIVÉ",
        "KONZERVOVANÉ POTR."
      ],
      "prices": [
        {
          "store_name": "Albert",
          "price": 39.9,
          "original_price": null,
          "unit_price": 266.0,
          "unit": "Kg",
          "package_size": "150 g",
          "condition": null
        }
      ],
      "description": null
    },
    {
      "name": "Amundsen & Soda bezinka s mátou",
      "brand": "Amundsen",
      "product_url": "https://wolt.com/cs/cze/prague/venue/albert-vinohradska/amundsen-soda-bezinka-s-matou-itemid-64ca0b7cba162577de4897e5",
      "image_url": "https://imageproxy.wolt.com/menu/menu-images/64ffec4406cca0140dfab831/4285e160-8ec7-11ee-bf40-261fd742ff1a_27649497.jpg",
      "categories": [
        "NÁPOJE",
        "LIHOVINY"
      ],
      "prices": [
        {
          "store_name": "Albert",
          "price": 49.9,
          "original_price": null,
          "unit_price": 199.6,
          "unit": "l",
          "package_size": "250 ml, 6% alc",
          "condition": "18+"
        }
      ],
      "description": null
    },
    {
      "name": "Nature's Promise Bio Baby Nápoj jablko a hrozny",
      "brand": "Nature's Promise",
      "product_url": "https://wolt.com/cs/cze/prague/venue/albert-vinohradska/nature-s-promise-bio-baby-napoj-jablko-a-hrozny-itemid-64ca0b7cba162577de489717",
      "image_url": "https://imageproxy.wolt.com/menu/menu-images/64ffec4406cca0140dfab831/1a172ef2-8ec0-11ee-b930-3abcd54edd52_27158517.jpg",
      "categories": [
        "DÍTĚ",
        "VÝŽIVA"
      ],
      "prices": [
        {
          "store_name": "Albert",
          "price": 30.9,
          "original_price": null,
          "unit_price": 118.85,
          "unit": "Kg",
          "package_size": "260 g",
          "condition": null
        }
      ],
      "description": null
    },
    {
      "name": "Hamé EasyCup Mexické kuře",
      "brand": "Hamé",
      "product_url": "https://wolt.com/cs/cze/prague/venue/albert-vinohradska/hame-easycup-mexicke-kure-itemid-657233256818b938df948813",
      "image_url": "https://imageproxy.wolt.com/menu/menu-images/64ffec4406cca0140dfab831/657b4c1a-8eb7-11ee-8881-06c7de8dd7bf_25929430.jpg",
      "categories": [
        "UZENINY A LAHŮDKY",
        "HOTOVKY A PŘÍLOHY"
      ],
      "prices": [
        {
          "store_name": "Albert",
          "price": 109.9,
          "original_price": null,
          "unit_price": 274.75,
          "unit": "Kg",
          "package_size": "400 g",
          "condition": null
        }
      ],
      "description": null
    },
    {
      "name": "Beefeater Blood Orange Gin & Tonic",
      "brand": "Beefeater",
      "product_url": "https://wolt.com/cs/cze/prague/venue/albert-vinohradska/beefeater-blood-orange-gin-tonic-itemid-657233256818b938df948b74",
      "image_url": "https://imageproxy.wolt.com/menu/menu-images/64ffec4406cca0140dfab831/5fc14682-8ec4-11ee-8b76-46cce9f42bfe_27466384.jpg",
      "categories": [
        "NÁPOJE",
        "LIHOVINY"
      ],
      "prices": [
        {
          "store_name": "Albert",
          "price": 59.9,
          "original_price": null,
          "unit_price": 239.6,
          "unit": "l",
          "package_size": "250 ml, 4,9% alc",
          "condition": "18+"
        }
      ],
      "description": null
    },
    {
      "name": "Kuřecí prsní filety",
      "brand": null,
      "product_url": "https://wolt.com/cs/cze/prague/venue/albert-vinohradska/kureci-prsni-filety-itemid-64ca0b7cba162577de488233",
      "image_url": "https://imageproxy.wolt.com/menu/menu-images/64ffec4406cca0140dfab831/b11d8c44-8eb4-11ee-932f-1e9e4c6f0bda_25390391.jpg",
      "categories": [
        "MASO A RYBY",
        "DRŮBEŽ"
      ],
      "prices": [
        {
          "store_name": "Albert",
          "price": 119.5,
          "original_price": null,
          "unit_price": null,
          "unit": null,
          "package_size": null,
          "condition": null
        }
      ],
      "description": null
    },
    {
      "name": "Albert Kečup ostrý",
      "brand": "Albert",
      "product_url": "https://wolt.com/cs/cze/prague/venue/albert-vinohradska/albert-kecup-ostry-itemid-64ca0b7cba162577de489998",
      "image_url": "https://imageproxy.wolt.com/menu/menu-images/64ffec4406cca0140dfab831/9375cf8c-8ec1-11ee-ab4b-eadfee8d92ce_27255315.jpg",
      "categories": [
        "TRVANLIVÉ",
        "KEČUPY A HOŘČICE"
      ],
      "prices": [
        {
          "store_name": "Albert",
          "price": 49.9,
          "original_price": null,
          "unit_price": 99.8,
          "unit": "Kg",
          "package_size": "500 g",
          "condition": null
        }
      ],
      "description": null
    },
    {
      "name": "Perla Aroma mletá káva",
      "brand": "Perla",
      "product_url": "https://wolt.com/cs/cze/prague/venue/albert-vinohradska/perla-aroma-mleta-kava-itemid-64ca0b7cba162577de488931",
      "image_url": "https://imageproxy.wolt.com/menu/menu-images/63ad795db242366d1f818f36/64d43dd4-4e4d-11ef-92c7-1a6ceff1f938_27257340.jpg",
      "categories": [
        "NÁPOJE",
        "KÁVA A ČAJ"
      ],
      "prices": [
        {
          "store_name": "Albert",
          "price": 99.9,
          "original_price": null,
          "unit_price": 399.6,
          "unit": "Kg",
          "package_size": "250 g",
          "condition": null
        }
      ],
      "description": null
    },
    {
      "name": "Albert Borůvky vanička",
      "brand": "Albert",
      "product_url": "https://wolt.com/cs/cze/prague/venue/albert-vinohradska/albert-boruvky-vanicka-itemid-64ca0b7cba162577de4885af",
      "image_url": "https://imageproxy.wolt.com/menu/menu-images/63ad795db242366d1f818f36/1ca8e90e-d996-11ef-8ab0-1e9bcc95e61f_20442248.jpg",
      "categories": [
        "OVOCE A ZELENINA",
        "OVOCE"
      ],
      "prices": [
        {
          "store_name": "Albert",
          "price": 69.9,
          "original_price": null,
          "unit_price": 279.6,
          "unit": "Kg",
          "package_size": "250 g",
          "condition": null
        }
      ],
      "description": null
    },
    {
      "name": "Coccolino aviváž Passion Flower a Bergamot",
      "brand": "Coccolino",
      "product_url": "https://wolt.com/cs/cze/prague/venue/albert-vinohradska/coccolino-avivaz-passion-flower-a-bergamot-itemid-64ca0b7cba162577de48a10e",
      "image_url": "https://imageproxy.wolt.com/menu/menu-images/64ffec4406cca0140dfab831/7e32d28e-92e3-11ee-af97-2a7ab05ad18b_26263014.jpg",
      "categories": [
        "DROGERIE A KOSMETIKA",
        "PRACÍ PROSTŘEDKY"
      ],
      "prices": [
        {
          "store_name": "Albert",
          "price": 119.9,
          "original_price": null,
          "unit_price": 2.35,
          "unit": "ks",
          "package_size": "‪51‬ kusů",
          "condition": "Vyprodáno"
        }
      ],
      "description": null
    },
    {
      "name": "Albert Džus jablko 100%",
      "brand": "Albert",
      "product_url": "https://wolt.com/cs/cze/prague/venue/albert-vinohradska/albert-dzus-jablko-100-itemid-64ca0b7cba162577de4883c1",
      "image_url": "https://imageproxy.wolt.com/menu/menu-images/64ffec4406cca0140dfab831/5364b052-8eb2-11ee-a805-b6077702759d_24706605.jpg",
      "categories": [
        "NÁPOJE",
        "DŽUSY A NEKTARY"
      ],
      "prices": [
        {
          "store_name": "Albert",
          "price": 26.9,
          "original_price": null,
          "unit_price": 26.9,
          "unit": "l",
          "package_size": "1 l",
          "condition": null
        }
      ],
      "description": null
    },
    {
      "name": "Gustona Bílé fazole v rajčatové omáčce",
      "brand": "Gustona",
      "product_url": "https://wolt.com/cs/cze/prague/venue/albert-vinohradska/gustona-bile-fazole-v-rajcatove-omacce-itemid-657233256818b938df9489dc",
      "image_url": "https://imageproxy.wolt.com/menu/menu-images/63ad795db242366d1f818f36/2862ab10-ed44-11ef-a47b-f6e6d29a0d5b_27259863.jpg",
      "categories": [
        "TRVANLIVÉ",
        "KONZERVOVANÉ POTR."
      ],
      "prices": [
        {
          "store_name": "Albert",
          "price": 18.9,
          "original_price": null,
          "unit_price": 45.0,
          "unit": "Kg",
          "package_size": "420 g",
          "condition": null
        }
      ],
      "description": null
    },
    {
      "name": "Nivea Protect & Care Deodorant sprej",
      "brand": "Nivea",
      "product_url": "https://wolt.com/cs/cze/prague/venue/albert-vinohradska/nivea-protect-care-deodorant-sprej-itemid-64ca0b7cba162577de488e25",
      "image_url": "https://imageproxy.wolt.com/menu/menu-images/64ffec4406cca0140dfab831/e588ad2e-8eb9-11ee-b9d7-eadf6ce36c9d_26523347.jpg",
      "categories": [
        "DROGERIE A KOSMETIKA",
        "DEODORANTY"
      ],
      "prices": [
        {
          "store_name": "Albert",
          "price": 89.9,
          "original_price": null,
          "unit_price": 599.33,
          "unit": "l",
          "package_size": "150 ml",
          "condition": null
        }
      ],
      "description": null
    },
    {
      "name": "Albert Houbičky na nádobí tvarované",
      "brand": "Albert",
      "product_url": "https://wolt.com/cs/cze/prague/venue/albert-vinohradska/albert-houbicky-na-nadobi-tvarovane-itemid-657233256818b938df947b91",
      "image_url": "https://imageproxy.wolt.com/menu/menu-images/64ffec4406cca0140dfab831/5cb0d4b2-8ebf-11ee-b362-faffdc4b9b96_27110799.jpg",
      "categories": [
        "DOMÁCNOST A ZAHRADA",
        "KUCHYŇSKÉ POTŘEBY"
      ],
      "prices": [
        {
          "store_name": "Albert",
          "price": 14.9,
          "original_price": null,
          "unit_price": 4.97,
          "unit": "ks",
          "package_size": "‪3‬ kusů",
          "condition": null
        }
      ],
      "description": null
    },
    {
      "name": "HealthyCo Proteinella Bílá čokoláda",
      "brand": "HealthyCo",
      "product_url": "https://wolt.com/cs/cze/prague/venue/albert-vinohradska/healthyco-proteinella-bila-cokolada-itemid-64ca0b7cba162577de489795",
      "image_url": "https://imageproxy.wolt.com/menu/menu-images/64ffec4406cca0140dfab831/dccb5060-8ebe-11ee-ae9c-3ac809dc7454_27071748.jpg",
      "categories": [
        "TRVANLIVÉ",
        "SLADKOSTI"
      ],
      "prices": [
        {
          "store_name": "Albert",
          "price": null,
          "original_price": null,
          "unit_price": 499.5,
          "unit": "Kg",
          "package_size": "200 g",
          "condition": "Sleva"
        }
      ],
      "description": null
    },
    {
      "name": "Veselá Kráva Sýr a Křup",
      "brand": "Veselá",
      "product_url": "https://wolt.com/cs/cze/prague/venue/albert-vinohradska/vesela-krava-syr-a-krup-itemid-64ca0b7cba162577de489679",
      "image_url": "https://imageproxy.wolt.com/menu/menu-images/63ad795db242366d1f818f36/df54eb74-66af-11ef-9669-9a46185dc815_25143010.jpg",
      "categories": [
        "MLÉČNÉ A CHLAZENÉ",
        "SÝRY"
      ],
      "prices": [
        {
          "store_name": "Albert",
          "price": 69.9,
          "original_price": null,
          "unit_price": 499.29,
          "unit": "Kg",
          "package_size": "140 g",
          "condition": null
        }
      ],
      "description": null
    },
    {
      "name": "Jarošovský Jura 11% světlý ležák",
      "brand": "Jarošovský",
      "product_url": "https://wolt.com/cs/cze/prague/venue/albert-vinohradska/jarosovsky-jura-11-svetly-lezak-itemid-64ca0b7cba162577de48a637",
      "image_url": "https://imageproxy.wolt.com/menu/menu-images/64ffec4406cca0140dfab831/64c46666-8ec2-11ee-8cd4-3a9a41c1cb36_27298749.jpg",
      "categories": [
        "NÁPOJE",
        "PIVA"
      ],
      "prices": [
        {
          "store_name": "Albert",
          "price": 73.9,
          "original_price": null,
          "unit_price": 73.9,
          "unit": "l",
          "package_size": "1 l, 4,5% alc",
          "condition": "18+"
        }
      ],
      "description": null
    },
    {
      "name": "Hovězí přední bez kosti, krk",
      "brand": "Hovězí",
      "product_url": "https://wolt.com/cs/cze/prague/venue/albert-vinohradska/hovezi-predni-bez-kosti-krk-itemid-64ca0b7cba162577de4889f1",
      "image_url": "https://imageproxy.wolt.com/menu/menu-images/63ad795db242366d1f818f36/bafa8426-ed43-11ef-a0b4-5a91ca063e38_22839947.jpg",
      "categories": [
        "MASO A RYBY",
        "HOVĚZÍ A TELECÍ"
      ],
      "prices": [
        {
          "store_name": "Albert",
          "price": 239.2,
          "original_price": null,
          "unit_price": null,
          "unit": null,
          "package_size": null,
          "condition": null
        }
      ],
      "description": null
    },
    {
      "name": "Leerdammer Original 45% plátky MAXI",
      "brand": "Leerdammer",
      "product_url": "https://wolt.com/cs/cze/prague/venue/albert-vinohradska/leerdammer-original-45-platky-maxi-itemid-64ca0b7cba162577de48926d",
      "image_url": "https://imageproxy.wolt.com/menu/menu-images/63ad795db242366d1f818f36/573b5ef4-9796-11ef-909a-3ed34ffebd28_25581324.jpg",
      "categories": [
        "MLÉČNÉ A CHLAZENÉ",
        "SÝRY"
      ],
      "prices": [
        {
          "store_name": "Albert",
          "price": 89.9,
          "original_price": null,
          "unit_price": 561.88,
          "unit": "Kg",
          "package_size": "160 g",
          "condition": null
        }
      ],
      "description": null
    },
    {
      "name": "Tatra Pikao zahuštěné slazené mléko s kakaem",
      "brand": "Tatra",
      "product_url": "https://wolt.com/cs/cze/prague/venue/albert-vinohradska/tatra-pikao-zahustene-slazene-mleko-s-kakaem-itemid-64ca0b7cba162577de489915",
      "image_url": "https://imageproxy.wolt.com/menu/menu-images/64ffec4406cca0140dfab831/0010b9a6-8eb1-11ee-a79f-662d260bbeaa_24179843.jpg",
      "categories": [
        "MLÉČNÉ A CHLAZENÉ",
        "JOGURTY A DEZERTY"
      ],
      "prices": [
        {
          "store_name": "Albert",
          "price": 32.9,
          "original_price": null,
          "unit_price": 438.67,
          "unit": "Kg",
          "package_size": "75 g",
          "condition": null
        }
      ],
      "description": null
    },
    {
      "name": "Dr. Oetker Kvásek žitný",
      "brand": "Dr. Oetker",
      "product_url": "https://wolt.com/cs/cze/prague/venue/albert-vinohradska/dr-oetker-kvasek-zitny-itemid-64ca0b7cba162577de488759",
      "image_url": "https://imageproxy.wolt.com/menu/menu-images/63ad795db242366d1f818f36/27238780-a8ea-11f0-a1f5-823a4588d21c_27260234.jpg",
      "categories": [
        "TRVANLIVÉ",
        "PEČENÍ A VAŘENÍ"
      ],
      "prices": [
        {
          "store_name": "Albert",
          "price": 17.9,
          "original_price": null,
          "unit_price": 1193.33,
          "unit": "Kg",
          "package_size": "15 g",
          "condition": null
        }
      ],
      "description": null
    },
    {
      "name": "Lay's Oven Baked grilled veggie",
      "brand": "Lay's",
      "product_url": "https://wolt.com/cs/cze/prague/venue/albert-vinohradska/lay-s-oven-baked-grilled-veggie-itemid-64ca0b7cba162577de48a710",
      "image_url": "https://imageproxy.wolt.com/menu/menu-images/64ffec4406cca0140dfab831/4d4f9ed0-8eca-11ee-98c3-825754a1c0c0_27774977.jpg",
      "categories": [
        "TRVANLIVÉ",
        "SLANÉ"
      ],
      "prices": [
        {
          "store_name": "Albert",
          "price": 39.9,
          "original_price": null,
          "unit_price": 362.73,
          "unit": "Kg",
          "package_size": "110 g",
          "condition": null
        }
      ],
      "description": null
    },
    {
      "name": "Discreet Multiform Intimky bez parfumace",
      "brand": "Discreet",
      "product_url": "https://wolt.com/cs/cze/prague/venue/albert-vinohradska/discreet-multiform-intimky-bez-parfumace-itemid-64ca0b7cba162577de489a7d",
      "image_url": "https://imageproxy.wolt.com/menu/menu-images/64ffec4406cca0140dfab831/6444529c-8eb2-11ee-905c-c64f1deb8de2_24727938.jpg",
      "categories": [
        "DROGERIE A KOSMETIKA",
        "DÁMSKÉ HYG. POTŘEBY"
      ],
      "prices": [
        {
          "store_name": "Albert",
          "price": 119.9,
          "original_price": null,
          "unit_price": 1.2,
          "unit": "ks",
          "package_size": "‪100‬ kusů",
          "condition": null
        }
      ],
      "description": null
    },
    {
      "name": "Albert Mozzarella třešinky",
      "brand": "Albert",
      "product_url": "https://wolt.com/cs/cze/prague/venue/albert-vinohradska/albert-mozzarella-tresinky-itemid-64ca0b7cba162577de48865f",
      "image_url": "https://imageproxy.wolt.com/menu/menu-images/64ffec4406cca0140dfab831/3eac7e3e-8eb6-11ee-9bca-325d7328b531_25727517.jpg",
      "categories": [
        "MLÉČNÉ A CHLAZENÉ",
        "SÝRY"
      ],
      "prices": [
        {
          "store_name": "Albert",
          "price": 31.9,
          "original_price": null,
          "unit_price": 265.83,
          "unit": "Kg",
          "package_size": "120 g",
          "condition": null
        }
      ],
      "description": null
    },
    {
      "name": "Nature's Promise Bio Fusilli celozrnné",
      "brand": "Nature's Promise",
      "product_url": "https://wolt.com/cs/cze/prague/venue/albert-vinohradska/nature-s-promise-bio-fusilli-celozrnne-itemid-64ca0b7cba162577de489702",
      "image_url": "https://imageproxy.wolt.com/menu/menu-images/63ad795db242366d1f818f36/fa7fd2a2-4804-11ef-9125-62d2b42f6038_27459607.jpg",
      "categories": [
        "TRVANLIVÉ",
        "TĚSTOVINY A KUSKUS"
      ],
      "prices": [
        {
          "store_name": "Albert",
          "price": 27.9,
          "original_price": null,
          "unit_price": 69.75,
          "unit": "Kg",
          "package_size": "400 g",
          "condition": null
        }
      ],
      "description": null
    },
    {
      "name": "Pedigree Dentastix péče o ústní dutinu",
      "brand": "Pedigree",
      "product_url": "https://wolt.com/cs/cze/prague/venue/albert-vinohradska/pedigree-dentastix-pece-o-ustni-dutinu-itemid-64ca0b7cba162577de489e74",
      "image_url": "https://imageproxy.wolt.com/menu/menu-images/64ffec4406cca0140dfab831/a0275cb2-8eaf-11ee-aaf4-6acfb8ed3f7f_23424609.jpg",
      "categories": [
        "ZVÍŘATA",
        "PSI"
      ],
      "prices": [
        {
          "store_name": "Albert",
          "price": 84.9,
          "original_price": null,
          "unit_price": 446.84,
          "unit": "Kg",
          "package_size": "190 g",
          "condition": null
        }
      ],
      "description": null
    },
    {
      "name": "Norský sal tyčc s tyčinkami surimi",
      "brand": "Norský",
      "product_url": "https://wolt.com/cs/cze/prague/venue/albert-vinohradska/norsky-sal-tycc-s-tycinkami-surimi-itemid-64ca0b7cba162577de4897eb",
      "image_url": "https://imageproxy.wolt.com/menu/menu-images/64ffec4406cca0140dfab831/f79543a8-8ebc-11ee-a25a-a28724a7b713_26893594.jpg",
      "categories": [
        "UZENINY A LAHŮDKY",
        "SALÁTY A POMAZÁNKY"
      ],
      "prices": [
        {
          "store_name": "Albert",
          "price": 34.9,
          "original_price": null,
          "unit_price": 232.67,
          "unit": "Kg",
          "package_size": "150 g",
          "condition": null
        }
      ],
      "description": null
    },
    {
      "name": "Nature's Promise Cizrnové lívanečky bez lepku",
      "brand": "Nature's Promise",
      "product_url": "https://wolt.com/cs/cze/prague/venue/albert-vinohradska/nature-s-promise-cizrnove-livanecky-bez-lepku-itemid-681b5abffcbd67bf7a8f4a84",
      "image_url": "https://imageproxy.wolt.com/menu/menu-images/63ad795db242366d1f818f36/c3338c22-2b47-11f0-8e87-225476ed9c44_27967942.jpg",
      "categories": [
        "TRVANLIVÉ",
        "SPECIÁLNÍ"
      ],
      "prices": [
        {
          "store_name": "Albert",
          "price": null,
          "original_price": null,
          "unit_price": 139.6,
          "unit": "Kg",
          "package_size": "250 g",
          "condition": "Sleva"
        }
      ],
      "description": null
    },
    {
      "name": "Albert Bobkový list celý",
      "brand": "Albert",
      "product_url": "https://wolt.com/cs/cze/prague/venue/albert-vinohradska/albert-bobkovy-list-cely-itemid-64ca0b7cba162577de4880fd",
      "image_url": "https://imageproxy.wolt.com/menu/menu-images/64ffec4406cca0140dfab831/22a6f04c-8ec1-11ee-8654-46b0bb5ce808_27218099.jpg",
      "categories": [
        "TRVANLIVÉ",
        "KOŘENÍ A OCHUCOVADLA"
      ],
      "prices": [
        {
          "store_name": "Albert",
          "price": 4.9,
          "original_price": null,
          "unit_price": 1225.0,
          "unit": "Kg",
          "package_size": "4 g",
          "condition": null
        }
      ],
      "description": null
    },
    {
      "name": "Emma Papája plátky",
      "brand": "Emma",
      "product_url": "https://wolt.com/cs/cze/prague/venue/albert-vinohradska/emma-papaja-platky-itemid-64ca0b7cba162577de488d6f",
      "image_url": "https://imageproxy.wolt.com/menu/menu-images/63ad795db242366d1f818f36/f0a2584a-d995-11ef-bef4-8efef6e7f568_23714229.jpg",
      "categories": [
        "OVOCE A ZELENINA",
        "SUCHÉ PLODY"
      ],
      "prices": [
        {
          "store_name": "Albert",
          "price": 29.9,
          "original_price": null,
          "unit_price": 199.33,
          "unit": "Kg",
          "package_size": "150 g",
          "condition": null
        }
      ],
      "description": null
    },
    {
      "name": "Nature's Promise Bio Bílé fazole rajčatové",
      "brand": "Nature's Promise",
      "product_url": "https://wolt.com/cs/cze/prague/venue/albert-vinohradska/nature-s-promise-bio-bile-fazole-rajcatove-itemid-64ca0b7cba162577de48a5e1",
      "image_url": "https://imageproxy.wolt.com/menu/menu-images/64ffec4406cca0140dfab831/e346eca4-8ec5-11ee-8763-2e546726778e_27580370.jpg",
      "categories": [
        "TRVANLIVÉ",
        "KONZERVOVANÉ POTR."
      ],
      "prices": [
        {
          "store_name": "Albert",
          "price": 39.9,
          "original_price": null,
          "unit_price": 110.83,
          "unit": "Kg",
          "package_size": "360 g",
          "condition": null
        }
      ],
      "description": null
    },
    {
      "name": "Pepino Dipstrip těhotenský test",
      "brand": "Pepino",
      "product_url": "https://wolt.com/cs/cze/prague/venue/albert-vinohradska/pepino-dipstrip-tehotensky-test-itemid-64ca0b7cba162577de488f81",
      "image_url": "https://imageproxy.wolt.com/menu/menu-images/63ad795db242366d1f818f36/130dae86-bbe4-11ef-88c7-125d263866a2_27599983.jpg",
      "categories": [
        "DROGERIE A KOSMETIKA",
        "PRO INTIMNÍ CHVÍLE"
      ],
      "prices": [
        {
          "store_name": "Albert",
          "price": 59.9,
          "original_price": null,
          "unit_price": 29.95,
          "unit": "ks",
          "package_size": "‪2‬ kusů",
          "condition": null
        }
      ],
      "description": null
    },
    {
      "name": "Tassimo Jacobs Cappuccino kapsle",
      "brand": "Tassimo",
      "product_url": "https://wolt.com/cs/cze/prague/venue/albert-vinohradska/tassimo-jacobs-cappuccino-kapsle-itemid-64ca0b7cba162577de489e49",
      "image_url": "https://imageproxy.wolt.com/menu/menu-images/6745ec28c3b7723db3588430/0bbcd554-d4fb-11f0-a0a0-1a5417338805_25348040.jpg",
      "categories": [
        "NÁPOJE",
        "KÁVA A ČAJ"
      ],
      "prices": [
        {
          "store_name": "Albert",
          "price": 139.9,
          "original_price": null,
          "unit_price": 8.74,
          "unit": "ks",
          "package_size": "‪16‬ kusů",
          "condition": null
        }
      ],
      "description": null
    },
    {
      "name": "Řepa předvařená",
      "brand": "Řepa",
      "product_url": "https://wolt.com/cs/cze/prague/venue/albert-vinohradska/repa-predvarena-itemid-64ca0b7cba162577de4885cf",
      "image_url": "https://imageproxy.wolt.com/menu/menu-images/64ffec4406cca0140dfab831/cc26a412-8ebe-11ee-8585-62428f7ce5a3_27066126.jpg",
      "categories": [
        "OVOCE A ZELENINA",
        "ZELENINA"
      ],
      "prices": [
        {
          "store_name": "Albert",
          "price": 24.9,
          "original_price": null,
          "unit_price": 49.8,
          "unit": "Kg",
          "package_size": "500 g",
          "condition": null
        }
      ],
      "description": null
    },
    {
      "name": "Bonitas Bio Sušené rozinky sultánky",
      "brand": "Bonitas",
      "product_url": "https://wolt.com/cs/cze/prague/venue/albert-vinohradska/bonitas-bio-susene-rozinky-sultanky-itemid-64ca0b7cba162577de4888f7",
      "image_url": "https://imageproxy.wolt.com/menu/menu-images/64ffec4406cca0140dfab831/9f3f9d0e-8ec4-11ee-9860-4eeff7c63e9c_27483114.jpg",
      "categories": [
        "OVOCE A ZELENINA",
        "SUCHÉ PLODY"
      ],
      "prices": [
        {
          "store_name": "Albert",
          "price": 19.4,
          "original_price": null,
          "unit_price": 194.0,
          "unit": "Kg",
          "package_size": "100 g",
          "condition": null
        }
      ],
      "description": null
    },
    {
      "name": "Amylon Bramborové knedlíky v prášku",
      "brand": "Amylon",
      "product_url": "https://wolt.com/cs/cze/prague/venue/albert-vinohradska/amylon-bramborove-knedliky-v-prasku-itemid-64ca0b7cba162577de489dd5",
      "image_url": "https://imageproxy.wolt.com/menu/menu-images/64ffec4406cca0140dfab831/6fc09f58-8eb3-11ee-83f6-1627932f216d_25046427.jpg",
      "categories": [
        "TRVANLIVÉ",
        "PEČENÍ A VAŘENÍ"
      ],
      "prices": [
        {
          "store_name": "Albert",
          "price": 47.9,
          "original_price": null,
          "unit_price": 119.75,
          "unit": "Kg",
          "package_size": "400 g",
          "condition": null
        }
      ],
      "description": null
    },
    {
      "name": "Jean Claude Mas Chardonnay",
      "brand": "Jean",
      "product_url": "https://wolt.com/cs/cze/prague/venue/albert-vinohradska/jean-claude-mas-chardonnay-itemid-657233256818b938df948765",
      "image_url": "https://imageproxy.wolt.com/menu/menu-images/64ffec4406cca0140dfab831/8159c422-8eba-11ee-bcbf-ca3c3355ab39_26635705.jpg",
      "categories": [
        "NÁPOJE",
        "VÍNA"
      ],
      "prices": [
        {
          "store_name": "Albert",
          "price": null,
          "original_price": null,
          "unit_price": 178.53,
          "unit": "l",
          "package_size": "750 ml, 13,5% alc",
          "condition": "Sleva, 18+"
        }
      ],
      "description": null
    },
    {
      "name": "Cute Baby Pleny Midi, velikost 3",
      "brand": "Cute Baby",
      "product_url": "https://wolt.com/cs/cze/prague/venue/albert-vinohradska/cute-baby-pleny-midi-velikost-3-itemid-64ca0b7cba162577de488d2f",
      "image_url": "https://imageproxy.wolt.com/menu/menu-images/63ad795db242366d1f818f36/207d79ce-9796-11ef-b28b-c6b639db8088_26937793.jpg",
      "categories": [
        "DÍTĚ",
        "PLENY A PODLOŽKY"
      ],
      "prices": [
        {
          "store_name": "Albert",
          "price": 169.0,
          "original_price": null,
          "unit_price": 2.73,
          "unit": "ks",
          "package_size": "‪62‬ kusů",
          "condition": null
        }
      ],
      "description": null
    },
    {
      "name": "Always Platinum Normal vložky s křidélky",
      "brand": "Always",
      "product_url": "https://wolt.com/cs/cze/prague/venue/albert-vinohradska/always-platinum-normal-vlozky-skridelky-itemid-64ca0b7cba162577de489dae",
      "image_url": "https://imageproxy.wolt.com/menu/menu-images/63ad795db242366d1f818f36/5e259446-9796-11ef-ac79-42ffc3de137f_25336207.jpg",
      "categories": [
        "DROGERIE A KOSMETIKA",
        "DÁMSKÉ HYG. POTŘEBY"
      ],
      "prices": [
        {
          "store_name": "Albert",
          "price": 119.9,
          "original_price": null,
          "unit_price": 7.49,
          "unit": "ks",
          "package_size": "‪16‬ kusů",
          "condition": null
        }
      ],
      "description": null
    },
    {
      "name": "Zewa Sensitive vlhčený toaletní papír",
      "brand": "Zewa",
      "product_url": "https://wolt.com/cs/cze/prague/venue/albert-vinohradska/zewa-sensitive-vlhceny-toaletni-papir-itemid-64ca0b7cba162577de48a008",
      "image_url": "https://imageproxy.wolt.com/menu/menu-images/63ad795db242366d1f818f36/96a885be-0608-11ef-bf08-beb60a4dc8cc_26349343.jpg",
      "categories": [
        "DROGERIE A KOSMETIKA",
        "PAPÍROVÁ HYGIENA"
      ],
      "prices": [
        {
          "store_name": "Albert",
          "price": 66.9,
          "original_price": null,
          "unit_price": 1.59,
          "unit": "ks",
          "package_size": "‪42‬ kusů",
          "condition": null
        }
      ],
      "description": null
    },
    {
      "name": "Gourmet Gold Kousky ve šťávě s lososem a kuřetem",
      "brand": "Gourmet",
      "product_url": "https://wolt.com/cs/cze/prague/venue/albert-vinohradska/gourmet-gold-kousky-ve-stave-s-lososem-a-kuretem-itemid-660214af90eae1eb87fefbaa",
      "image_url": "https://imageproxy.wolt.com/menu/menu-images/6601c613e48d1c8d95333085/59435528-eae2-11ee-bd8f-0af811d5ce2c_23572362.jpg",
      "categories": [
        "ZVÍŘATA",
        "KOČKY"
      ],
      "prices": [
        {
          "store_name": "Albert",
          "price": 19.9,
          "original_price": null,
          "unit_price": 234.12,
          "unit": "Kg",
          "package_size": "85 g",
          "condition": null
        }
      ],
      "description": null
    },
    {
      "name": "Emma Klikva hořké čokoládě",
      "brand": "Emma",
      "product_url": "https://wolt.com/cs/cze/prague/venue/albert-vinohradska/emma-klikva-horke-cokolade-itemid-64ca0b7cba162577de4889ef",
      "image_url": "https://imageproxy.wolt.com/menu/menu-images/63ad795db242366d1f818f36/55845126-765b-11ef-9a8c-26760ac1958b_25787122.jpg",
      "categories": [
        "OVOCE A ZELENINA",
        "SUCHÉ PLODY"
      ],
      "prices": [
        {
          "store_name": "Albert",
          "price": null,
          "original_price": null,
          "unit_price": 299.33,
          "unit": "Kg",
          "package_size": "150 g",
          "condition": "Sleva"
        }
      ],
      "description": null
    },
    {
      "name": "Illy Decaf bezkofeinová mletá káva",
      "brand": "Illy",
      "product_url": "https://wolt.com/cs/cze/prague/venue/albert-vinohradska/illy-decaf-bezkofeinova-mleta-kava-itemid-64ca0b7cba162577de48a287",
      "image_url": "https://imageproxy.wolt.com/menu/menu-images/64ffec4406cca0140dfab831/a99640e0-8eb6-11ee-bb49-f6f59196df47_25800647.jpg",
      "categories": [
        "NÁPOJE",
        "KÁVA A ČAJ"
      ],
      "prices": [
        {
          "store_name": "Albert",
          "price": 289.0,
          "original_price": null,
          "unit_price": 1156.0,
          "unit": "Kg",
          "package_size": "250 g",
          "condition": null
        }
      ],
      "description": null
    },
    {
      "name": "Albert Halušky s uzeným masem",
      "brand": "Albert",
      "product_url": "https://wolt.com/cs/cze/prague/venue/albert-vinohradska/albert-halusky-s-uzenym-masem-itemid-681b5abffcbd67bf7a8f4a6a",
      "image_url": "https://imageproxy.wolt.com/menu/menu-images/63ad795db242366d1f818f36/ba57d310-2b47-11f0-a651-8ac8cf714c1b_27963869.jpg",
      "categories": [
        "UZENINY A LAHŮDKY",
        "HOTOVKY A PŘÍLOHY"
      ],
      "prices": [
        {
          "store_name": "Albert",
          "price": 99.9,
          "original_price": null,
          "unit_price": 249.75,
          "unit": "Kg",
          "package_size": "400 g",
          "condition": null
        }
      ],
      "description": null
    },
    {
      "name": "Relax broskev",
      "brand": "Relax",
      "product_url": "https://wolt.com/cs/cze/prague/venue/albert-vinohradska/relax-broskev-itemid-657233256818b938df948a3f",
      "image_url": "https://imageproxy.wolt.com/menu/menu-images/64ffec4406cca0140dfab831/6b9e08c6-8eb2-11ee-9e62-02d10f7fce64_24737180.jpg",
      "categories": [
        "NÁPOJE",
        "DŽUSY A NEKTARY"
      ],
      "prices": [
        {
          "store_name": "Albert",
          "price": 26.9,
          "original_price": null,
          "unit_price": 26.9,
          "unit": "l",
          "package_size": "1 l",
          "condition": null
        }
      ],
      "description": null
    },
    {
      "name": "Giana Meruňky",
      "brand": "Giana",
      "product_url": "https://wolt.com/cs/cze/prague/venue/albert-vinohradska/giana-merunky-itemid-64ca0b7cba162577de4897d7",
      "image_url": "https://imageproxy.wolt.com/menu/menu-images/63ad795db242366d1f818f36/eef43606-7825-11f0-a933-f287b2bda815_23157781.jpg",
      "categories": [
        "TRVANLIVÉ",
        "KONZERVOVANÉ POTR."
      ],
      "prices": [
        {
          "store_name": "Albert",
          "price": 56.9,
          "original_price": null,
          "unit_price": 237.08,
          "unit": "Kg",
          "package_size": "240 g",
          "condition": null
        }
      ],
      "description": null
    },
    {
      "name": "Madeta Jihočeská Niva 45%",
      "brand": "Madeta",
      "product_url": "https://wolt.com/cs/cze/prague/venue/albert-vinohradska/madeta-jihoceska-niva-45-itemid-657233256818b938df94885b",
      "image_url": "https://imageproxy.wolt.com/menu/menu-images/64ffec4406cca0140dfab831/52426642-8ecb-11ee-8dc5-ba7a0888b93f_27802946.jpg",
      "categories": [
        "MLÉČNÉ A CHLAZENÉ",
        "SÝRY"
      ],
      "prices": [
        {
          "store_name": "Albert",
          "price": 38.9,
          "original_price": null,
          "unit_price": 389.0,
          "unit": "Kg",
          "package_size": "100 g",
          "condition": null
        }
      ],
      "description": null
    },
    {
      "name": "Albert Knedlík houskový",
      "brand": "Albert",
      "product_url": "https://wolt.com/cs/cze/prague/venue/albert-vinohradska/albert-knedlik-houskovy-itemid-64ca0b7cba162577de4882bd",
      "image_url": "https://imageproxy.wolt.com/menu/menu-images/64ffec4406cca0140dfab831/8e206a86-8eb9-11ee-bbf3-325d7328b531_26453903.jpg",
      "categories": [
        "UZENINY A LAHŮDKY",
        "HOTOVKY A PŘÍLOHY"
      ],
      "prices": [
        {
          "store_name": "Albert",
          "price": 29.9,
          "original_price": null,
          "unit_price": 49.83,
          "unit": "Kg",
          "package_size": "600 g",
          "condition": null
        }
      ],
      "description": null
    },
    {
      "name": "HiPP Bio Tyčinka ovocná banán, jablko a maliny",
      "brand": "HiPP",
      "product_url": "https://wolt.com/cs/cze/prague/venue/albert-vinohradska/hipp-bio-tycinka-ovocna-banan-jablko-a-maliny-itemid-657233256818b938df947d2a",
      "image_url": "https://imageproxy.wolt.com/menu/menu-images/64ffec4406cca0140dfab831/0660cb08-8ebf-11ee-bd9c-2ef6707f48ec_27086186.jpg",
      "categories": [
        "DÍTĚ",
        "VÝŽIVA"
      ],
      "prices": [
        {
          "store_name": "Albert",
          "price": 22.9,
          "original_price": null,
          "unit_price": 995.65,
          "unit": "Kg",
          "package_size": "23 g",
          "condition": null
        }
      ],
      "description": null
    },
    {
      "name": "Kuřecí spodní stehno chlazené",
      "brand": null,
      "product_url": "https://wolt.com/cs/cze/prague/venue/albert-vinohradska/kureci-spodni-stehno-chlazene-itemid-64ca0b7cba162577de48820f",
      "image_url": "https://imageproxy.wolt.com/menu/menu-images/64ffec4406cca0140dfab831/3e5029ea-8eb1-11ee-9c67-96b10ce163de_24252225.jpg",
      "categories": [
        "MASO A RYBY",
        "DRŮBEŽ"
      ],
      "prices": [
        {
          "store_name": "Albert",
          "price": 97.6,
          "original_price": null,
          "unit_price": null,
          "unit": null,
          "package_size": null,
          "condition": null
        }
      ],
      "description": null
    },
    {
      "name": "Giana Ovocný koktejl",
      "brand": "Giana",
      "product_url": "https://wolt.com/cs/cze/prague/venue/albert-vinohradska/giana-ovocny-koktejl-itemid-64ca0b7cba162577de489e06",
      "image_url": "https://imageproxy.wolt.com/menu/menu-images/63ad795db242366d1f818f36/96949e08-9796-11ef-bcbb-9ac46ade5317_23158726.jpg",
      "categories": [
        "TRVANLIVÉ",
        "KONZERVOVANÉ POTR."
      ],
      "prices": [
        {
          "store_name": "Albert",
          "price": 49.9,
          "original_price": null,
          "unit_price": 207.92,
          "unit": "Kg",
          "package_size": "240 g",
          "condition": null
        }
      ],
      "description": null
    },
    {
      "name": "Delicata Mléčná čokoláda makadamové ořechy a kešu",
      "brand": "Delicata",
      "product_url": "https://wolt.com/cs/cze/prague/venue/albert-vinohradska/delicata-mlecna-cokolada-makadamove-orechy-a-kesu-itemid-64ca0b7cba162577de4893c3",
      "image_url": "https://imageproxy.wolt.com/menu/menu-images/6745ec28c3b7723db3588430/1f6fd928-da6b-11f0-87c2-f621ad431cab_27706770.jpg",
      "categories": [
        "TRVANLIVÉ",
        "SLADKOSTI"
      ],
      "prices": [
        {
          "store_name": "Albert",
          "price": 79.9,
          "original_price": null,
          "unit_price": 532.67,
          "unit": "Kg",
          "package_size": "150 g",
          "condition": null
        }
      ],
      "description": null
    },
    {
      "name": "Vitana Houbové koření",
      "brand": "Vitana",
      "product_url": "https://wolt.com/cs/cze/prague/venue/albert-vinohradska/vitana-houbove-koreni-itemid-66020022d0e581aa19f86a42",
      "image_url": "https://imageproxy.wolt.com/menu/menu-images/6601c613e48d1c8d95333085/4219554a-eae3-11ee-b733-c27cc33af372_26684741.jpg",
      "categories": [
        "TRVANLIVÉ",
        "KOŘENÍ A OCHUCOVADLA"
      ],
      "prices": [
        {
          "store_name": "Albert",
          "price": 15.9,
          "original_price": null,
          "unit_price": 636.0,
          "unit": "Kg",
          "package_size": "25 g",
          "condition": null
        }
      ],
      "description": null
    },
    {
      "name": "Vitto Tea Heřmánek bylinný čaj porcovaný",
      "brand": "Vitto",
      "product_url": "https://wolt.com/cs/cze/prague/venue/albert-vinohradska/vitto-tea-hermanek-bylinny-caj-porcovany-itemid-64ca0b7cba162577de4894b6",
      "image_url": "https://imageproxy.wolt.com/menu/menu-images/64ffec4406cca0140dfab831/662c72b2-8eb5-11ee-9fbb-7a4dcb26504b_25547726.jpg",
      "categories": [
        "NÁPOJE",
        "KÁVA A ČAJ"
      ],
      "prices": [
        {
          "store_name": "Albert",
          "price": 15.9,
          "original_price": null,
          "unit_price": 530.0,
          "unit": "Kg",
          "package_size": "30 g",
          "condition": null
        }
      ],
      "description": null
    },
    {
      "name": "Starobrno Medium ležák světlý",
      "brand": "Starobrno",
      "product_url": "https://wolt.com/cs/cze/prague/venue/albert-vinohradska/starobrno-medium-lezak-svetly-itemid-64ca0b7cba162577de488991",
      "image_url": "https://imageproxy.wolt.com/menu/menu-images/63ad795db242366d1f818f36/601460e4-e818-11ee-a022-96de309638ab_26776514.jpg",
      "categories": [
        "NÁPOJE",
        "PIVA"
      ],
      "prices": [
        {
          "store_name": "Albert",
          "price": 15.9,
          "original_price": null,
          "unit_price": 31.8,
          "unit": "l",
          "package_size": "500 ml, 4,7% alc",
          "condition": "18+"
        }
      ],
      "description": null
    },
    {
      "name": "Big Shock! Apple energetický nápoj",
      "brand": "Big",
      "product_url": "https://wolt.com/cs/cze/prague/venue/albert-vinohradska/big-shock-apple-energeticky-napoj-itemid-657233256818b938df948573",
      "image_url": "https://imageproxy.wolt.com/menu/menu-images/64ffec4406cca0140dfab831/74e7132c-8eb8-11ee-82f1-e6fbf8d3c3b0_26104850.jpg",
      "categories": [
        "NÁPOJE",
        "ENERGY NÁPOJE"
      ],
      "prices": [
        {
          "store_name": "Albert",
          "price": 41.9,
          "original_price": null,
          "unit_price": 83.8,
          "unit": "l",
          "package_size": "500 ml",
          "condition": null
        }
      ],
      "description": null
    },
    {
      "name": "Staropramen nealkoholické",
      "brand": "Staropramen",
      "product_url": "https://wolt.com/cs/cze/prague/venue/albert-vinohradska/staropramen-nealkoholicke-itemid-64ca0b7cba162577de48911c",
      "image_url": "https://imageproxy.wolt.com/menu/menu-images/63ad795db242366d1f818f36/15954640-dc57-11ee-9fc6-fa784b9f05af_25460452.jpg",
      "categories": [
        "NÁPOJE",
        "PIVA"
      ],
      "prices": [
        {
          "store_name": "Albert",
          "price": 21.9,
          "original_price": null,
          "unit_price": 43.8,
          "unit": "l",
          "package_size": "500 ml, 0,5% alc",
          "condition": null
        }
      ],
      "description": null
    },
    {
      "name": "Nature's Promise Bio Cold Days bylinný čaj",
      "brand": "Nature's Promise",
      "product_url": "https://wolt.com/cs/cze/prague/venue/albert-vinohradska/nature-s-promise-bio-cold-days-bylinny-caj-itemid-657233256818b938df9484d6",
      "image_url": "https://imageproxy.wolt.com/menu/menu-images/64ffec4406cca0140dfab831/567c4888-8ec9-11ee-84a8-8a2356a84f6b_27747148.jpg",
      "categories": [
        "NÁPOJE",
        "KÁVA A ČAJ"
      ],
      "prices": [
        {
          "store_name": "Albert",
          "price": 46.9,
          "original_price": null,
          "unit_price": 1737.04,
          "unit": "Kg",
          "package_size": "27 g",
          "condition": null
        }
      ],
      "description": null
    },
    {
      "name": "Perla Origins Brazil zrnková káva",
      "brand": "Perla",
      "product_url": "https://wolt.com/cs/cze/prague/venue/albert-vinohradska/perla-origins-brazil-zrnkova-kava-itemid-64ca0b7cba162577de48a4e8",
      "image_url": "https://imageproxy.wolt.com/menu/menu-images/63ad795db242366d1f818f36/fac0af12-9795-11ef-a680-fab9f58800a2_27257319.jpg",
      "categories": [
        "NÁPOJE",
        "KÁVA A ČAJ"
      ],
      "prices": [
        {
          "store_name": "Albert",
          "price": 279.0,
          "original_price": null,
          "unit_price": 558.0,
          "unit": "Kg",
          "package_size": "500 g",
          "condition": null
        }
      ],
      "description": null
    },
    {
      "name": "Bohemia Sekt Rosé Demi Sec",
      "brand": "Bohemia",
      "product_url": "https://wolt.com/cs/cze/prague/venue/albert-vinohradska/bohemia-sekt-rose-demi-sec-itemid-64ca0b7cba162577de488a13",
      "image_url": "https://imageproxy.wolt.com/menu/menu-images/64ffec4406cca0140dfab831/0f8a46d0-8ead-11ee-8815-3e3f8d1903a2_20454265.jpg",
      "categories": [
        "NÁPOJE",
        "VÍNA"
      ],
      "prices": [
        {
          "store_name": "Albert",
          "price": 179.0,
          "original_price": null,
          "unit_price": 238.67,
          "unit": "l",
          "package_size": "750 ml, 11% alc",
          "condition": "18+"
        }
      ],
      "description": null
    },
    {
      "name": "Albert Rajčata soudková",
      "brand": "Albert",
      "product_url": "https://wolt.com/cs/cze/prague/venue/albert-vinohradska/albert-rajcata-soudkova-itemid-64ca0b7cba162577de4884e9",
      "image_url": "https://imageproxy.wolt.com/menu/menu-images/64ffec4406cca0140dfab831/6a430b44-8eb1-11ee-b61a-76d8d681f910_24363303.jpg",
      "categories": [
        "OVOCE A ZELENINA",
        "ZELENINA"
      ],
      "prices": [
        {
          "store_name": "Albert",
          "price": 49.9,
          "original_price": null,
          "unit_price": 99.8,
          "unit": "Kg",
          "package_size": "500 g",
          "condition": null
        }
      ],
      "description": null
    },
    {
      "name": "Dynybyl Violet Gin & Tonic",
      "brand": "Dynybyl",
      "product_url": "https://wolt.com/cs/cze/prague/venue/albert-vinohradska/dynybyl-violet-gin-tonic-itemid-64ca0b7cba162577de489765",
      "image_url": "https://imageproxy.wolt.com/menu/menu-images/64ffec4406cca0140dfab831/3d9e642e-8ec7-11ee-929d-a2846f3734b2_27649466.jpg",
      "categories": [
        "NÁPOJE",
        "LIHOVINY"
      ],
      "prices": [
        {
          "store_name": "Albert",
          "price": 49.9,
          "original_price": null,
          "unit_price": 199.6,
          "unit": "l",
          "package_size": "250 ml, 6% alc",
          "condition": "18+"
        }
      ],
      "description": null
    },
    {
      "name": "Schär Salinis Preclíky bez lepku",
      "brand": "Schär",
      "product_url": "https://wolt.com/cs/cze/prague/venue/albert-vinohradska/schar-salinis-precliky-bez-lepku-itemid-64ca0b7cba162577de489781",
      "image_url": "https://imageproxy.wolt.com/menu/menu-images/64ffec4406cca0140dfab831/6263d40e-8eb5-11ee-acf9-96ff514b0205_25540352.jpg",
      "categories": [
        "TRVANLIVÉ",
        "SLANÉ"
      ],
      "prices": [
        {
          "store_name": "Albert",
          "price": null,
          "original_price": null,
          "unit_price": 498.33,
          "unit": "Kg",
          "package_size": "60 g",
          "condition": "Sleva"
        }
      ],
      "description": null
    },
    {
      "name": "Česnek tuzemský",
      "brand": "Česnek",
      "product_url": "https://wolt.com/cs/cze/prague/venue/albert-vinohradska/cesnek-tuzemsky-itemid-64ca0b7cba162577de488521",
      "image_url": "https://imageproxy.wolt.com/menu/menu-images/63ad795db242366d1f818f36/0f68109e-d996-11ef-b0e8-dac8e73cfc2e_21426254.jpg",
      "categories": [
        "OVOCE A ZELENINA",
        "ZELENINA"
      ],
      "prices": [
        {
          "store_name": "Albert",
          "price": 49.9,
          "original_price": null,
          "unit_price": 24.95,
          "unit": "ks",
          "package_size": "‪2‬ kusů",
          "condition": null
        }
      ],
      "description": null
    },
    {
      "name": "Palmolive Naturals mýdlo s výtažky heřmánku",
      "brand": "Palmolive",
      "product_url": "https://wolt.com/cs/cze/prague/venue/albert-vinohradska/palmolive-naturals-mydlo-s-vytazky-hermanku-itemid-64ca0b7cba162577de488e55",
      "image_url": "https://imageproxy.wolt.com/menu/menu-images/64ffec4406cca0140dfab831/84e8bc6e-8eac-11ee-b5d5-a2125de7b4cb_20310165.jpg",
      "categories": [
        "DROGERIE A KOSMETIKA",
        "MÝDLA A GELY"
      ],
      "prices": [
        {
          "store_name": "Albert",
          "price": null,
          "original_price": null,
          "unit_price": 265.56,
          "unit": "Kg",
          "package_size": "90 g",
          "condition": "Sleva"
        }
      ],
      "description": null
    },
    {
      "name": "Carte d´Or Cookies&Cream",
      "brand": "Carte",
      "product_url": "https://wolt.com/cs/cze/prague/venue/albert-vinohradska/carte-dor-cookies-cream-itemid-6876153a0c6218e9f3e5f494",
      "image_url": "https://imageproxy.wolt.com/menu/menu-images/64b62ec5e5ab70cdc92e30f0/3a198442-616f-11f0-a281-4e92ee44ffbc_27857045.jpg",
      "categories": [
        "MRAŽENÉ POTRAVINY",
        "ZMRZLINA A NANUKY"
      ],
      "prices": [
        {
          "store_name": "Albert",
          "price": 99.9,
          "original_price": null,
          "unit_price": 121.09,
          "unit": "l",
          "package_size": "825 ml",
          "condition": null
        }
      ],
      "description": null
    },
    {
      "name": "Magnum Mini Euphoria Pink Lemonade",
      "brand": "Magnum",
      "product_url": "https://wolt.com/cs/cze/prague/venue/albert-vinohradska/magnum-mini-euphoria-pink-lemonade-itemid-6876153a0c6218e9f3e5f483",
      "image_url": "https://imageproxy.wolt.com/menu/menu-images/64b62ec5e5ab70cdc92e30f0/34649690-616f-11f0-86e9-eee891ea3f78_27836323.jpg",
      "categories": [
        "MRAŽENÉ POTRAVINY",
        "ZMRZLINA A NANUKY"
      ],
      "prices": [
        {
          "store_name": "Albert",
          "price": 194.0,
          "original_price": null,
          "unit_price": 587.88,
          "unit": "l",
          "package_size": "330 ml",
          "condition": null
        }
      ],
      "description": null
    },
    {
      "name": "Nature's Promise Bio Čočka červená horská",
      "brand": "Nature's Promise",
      "product_url": "https://wolt.com/cs/cze/prague/venue/albert-vinohradska/nature-s-promise-bio-cocka-cervena-horska-itemid-651c84998d7acdef12eb2b6a",
      "image_url": "https://imageproxy.wolt.com/menu/menu-images/64ffec4406cca0140dfab831/819a9542-8ec4-11ee-b676-f6a0c6fd1153_27476802.jpg",
      "categories": [
        "TRVANLIVÉ",
        "RÝŽE A LUŠTENINY"
      ],
      "prices": [
        {
          "store_name": "Albert",
          "price": 39.9,
          "original_price": null,
          "unit_price": 79.8,
          "unit": "Kg",
          "package_size": "500 g",
          "condition": null
        }
      ],
      "description": null
    },
    {
      "name": "Madeta Jihočeská Niva 60%",
      "brand": "Madeta",
      "product_url": "https://wolt.com/cs/cze/prague/venue/albert-vinohradska/madeta-jihoceska-niva-60-itemid-657233256818b938df948893",
      "image_url": "https://imageproxy.wolt.com/menu/menu-images/64ffec4406cca0140dfab831/524e00b0-8ecb-11ee-a2a5-9e8bf7ebc64c_27802953.jpg",
      "categories": [
        "MLÉČNÉ A CHLAZENÉ",
        "SÝRY"
      ],
      "prices": [
        {
          "store_name": "Albert",
          "price": 39.9,
          "original_price": null,
          "unit_price": 399.0,
          "unit": "Kg",
          "package_size": "100 g",
          "condition": null
        }
      ],
      "description": null
    },
    {
      "name": "Česká chuť Pomazánka sýrovo-česneková",
      "brand": "Česká chuť",
      "product_url": "https://wolt.com/cs/cze/prague/venue/albert-vinohradska/ceska-chut-pomazanka-syrovo-cesnekova-itemid-64ca0b7cba162577de48807d",
      "image_url": "https://imageproxy.wolt.com/menu/menu-images/64ffec4406cca0140dfab831/4c7d7e68-8ebc-11ee-8ae7-0e9fc0f27358_26831152.jpg",
      "categories": [
        "UZENINY A LAHŮDKY",
        "SALÁTY A POMAZÁNKY"
      ],
      "prices": [
        {
          "store_name": "Albert",
          "price": null,
          "original_price": null,
          "unit_price": 172.0,
          "unit": "Kg",
          "package_size": "150 g",
          "condition": "Sleva"
        }
      ],
      "description": null
    },
    {
      "name": "Albert Česnek síť",
      "brand": "Albert",
      "product_url": "https://wolt.com/cs/cze/prague/venue/albert-vinohradska/albert-cesnek-sit-itemid-64ca0b7cba162577de48853d",
      "image_url": "https://imageproxy.wolt.com/menu/menu-images/64ffec4406cca0140dfab831/0a2eabae-8ead-11ee-8d6e-5a1fea813fd4_20451530.jpg",
      "categories": [
        "OVOCE A ZELENINA",
        "ZELENINA"
      ],
      "prices": [
        {
          "store_name": "Albert",
          "price": 49.9,
          "original_price": null,
          "unit_price": 16.63,
          "unit": "ks",
          "package_size": "‪3‬ kusů",
          "condition": null
        }
      ],
      "description": null
    },
    {
      "name": "Borotalco Invisible Antiperspirant sprej",
      "brand": "Borotalco",
      "product_url": "https://wolt.com/cs/cze/prague/venue/albert-vinohradska/borotalco-invisible-antiperspirant-sprej-itemid-64ca0b7cba162577de488ec9",
      "image_url": "https://imageproxy.wolt.com/menu/menu-images/64ffec4406cca0140dfab831/f602fa8e-8eb8-11ee-b648-662d260bbeaa_26340760.jpg",
      "categories": [
        "DROGERIE A KOSMETIKA",
        "DEODORANTY"
      ],
      "prices": [
        {
          "store_name": "Albert",
          "price": 108.9,
          "original_price": null,
          "unit_price": 726.0,
          "unit": "l",
          "package_size": "150 ml",
          "condition": null
        }
      ],
      "description": null
    },
    {
      "name": "Dream&Co Nanuky Čokoládový mix",
      "brand": "Dream&Co",
      "product_url": "https://wolt.com/cs/cze/prague/venue/albert-vinohradska/dream-co-nanuky-cokoladovy-mix-itemid-6876153a0c6218e9f3e5f47c",
      "image_url": "https://imageproxy.wolt.com/menu/menu-images/64b62ec5e5ab70cdc92e30f0/25ebad4c-616f-11f0-8bf7-e2fb8a45d677_27829370.jpg",
      "categories": [
        "MRAŽENÉ POTRAVINY",
        "ZMRZLINA A NANUKY"
      ],
      "prices": [
        {
          "store_name": "Albert",
          "price": 124.9,
          "original_price": null,
          "unit_price": 173.47,
          "unit": "l",
          "package_size": "720 ml",
          "condition": null
        }
      ],
      "description": null
    },
    {
      "name": "Rebi-Dental mezizubní kartáček 0,6 mm",
      "brand": "Rebi-Dental",
      "product_url": "https://wolt.com/cs/cze/prague/venue/albert-vinohradska/rebi-dental-mezizubni-kartacek-0-6-mm-itemid-6601ea633a737d00bb5bd53f",
      "image_url": "https://imageproxy.wolt.com/menu/menu-images/6601c613e48d1c8d95333085/b67e1ece-eae4-11ee-9cfa-c2919b5ee551_27657416.jpg",
      "categories": [
        "DROGERIE A KOSMETIKA",
        "ÚSTNÍ HYGIENA"
      ],
      "prices": [
        {
          "store_name": "Albert",
          "price": 99.9,
          "original_price": null,
          "unit_price": 12.49,
          "unit": "ks",
          "package_size": "‪8‬ kusů",
          "condition": null
        }
      ],
      "description": null
    },
    {
      "name": "Tullamore D.E.W. Honey 35%",
      "brand": "Tullamore",
      "product_url": "https://wolt.com/cs/cze/prague/venue/albert-vinohradska/tullamore-d-e-w-honey-35-itemid-64ca0b7cba162577de488c41",
      "image_url": "https://imageproxy.wolt.com/menu/menu-images/64ffec4406cca0140dfab831/1eb61c20-8ec5-11ee-bfc1-ce752cd7e428_27520680.jpg",
      "categories": [
        "NÁPOJE",
        "LIHOVINY"
      ],
      "prices": [
        {
          "store_name": "Albert",
          "price": 599.0,
          "original_price": null,
          "unit_price": 855.71,
          "unit": "l",
          "package_size": "700 ml, 35% alc",
          "condition": "18+"
        }
      ],
      "description": null
    },
    {
      "name": "Ahmad Tea Earl Grey Černý čaj sypaný",
      "brand": "Ahmad",
      "product_url": "https://wolt.com/cs/cze/prague/venue/albert-vinohradska/ahmad-tea-earl-grey-cerny-caj-sypany-itemid-64ca0b7cba162577de489ba3",
      "image_url": "https://imageproxy.wolt.com/menu/menu-images/64ffec4406cca0140dfab831/992668c2-8eaf-11ee-9f80-0ad9bf6baf5b_23410268.jpg",
      "categories": [
        "NÁPOJE",
        "KÁVA A ČAJ"
      ],
      "prices": [
        {
          "store_name": "Albert",
          "price": 126.5,
          "original_price": null,
          "unit_price": 1265.0,
          "unit": "Kg",
          "package_size": "100 g",
          "condition": null
        }
      ],
      "description": null
    },
    {
      "name": "Roche Mazet Chardonnay",
      "brand": "Roche",
      "product_url": "https://wolt.com/cs/cze/prague/venue/albert-vinohradska/roche-mazet-chardonnay-itemid-64ca0b7cba162577de48a29f",
      "image_url": "https://imageproxy.wolt.com/menu/menu-images/64ffec4406cca0140dfab831/6c84791c-8eb9-11ee-b4f5-eadf6ce36c9d_26423272.jpg",
      "categories": [
        "NÁPOJE",
        "VÍNA"
      ],
      "prices": [
        {
          "store_name": "Albert",
          "price": 140.9,
          "original_price": null,
          "unit_price": 187.87,
          "unit": "l",
          "package_size": "750 ml, 12,5% alc",
          "condition": "18+"
        }
      ],
      "description": null
    },
    {
      "name": "Opavia Zlaté věnečky žloutkové sušenky",
      "brand": "Opavia",
      "product_url": "https://wolt.com/cs/cze/prague/venue/albert-vinohradska/opavia-zlate-venecky-zloutkove-susenky-itemid-64ca0b7cba162577de48921d",
      "image_url": "https://imageproxy.wolt.com/menu/menu-images/64ffec4406cca0140dfab831/9dc19daa-8eac-11ee-b909-067f756def6c_20316129.jpg",
      "categories": [
        "TRVANLIVÉ",
        "SLADKOSTI"
      ],
      "prices": [
        {
          "store_name": "Albert",
          "price": 35.9,
          "original_price": null,
          "unit_price": 239.33,
          "unit": "Kg",
          "package_size": "150 g",
          "condition": null
        }
      ],
      "description": null
    },
    {
      "name": "Gustona Paprika řezaná",
      "brand": "Gustona",
      "product_url": "https://wolt.com/cs/cze/prague/venue/albert-vinohradska/gustona-paprika-rezana-itemid-64ca0b7cba162577de4896ba",
      "image_url": "https://imageproxy.wolt.com/menu/menu-images/63ad795db242366d1f818f36/28a1b842-7826-11f0-8876-3ef9622106cd_25816907.jpg",
      "categories": [
        "TRVANLIVÉ",
        "KONZERVOVANÉ POTR."
      ],
      "prices": [
        {
          "store_name": "Albert",
          "price": 26.9,
          "original_price": null,
          "unit_price": 179.33,
          "unit": "Kg",
          "package_size": "150 g",
          "condition": "Vyprodáno"
        }
      ],
      "description": null
    },
    {
      "name": "Pribináček Tyčinka s tvarohem",
      "brand": "Pribináček",
      "product_url": "https://wolt.com/cs/cze/prague/venue/albert-vinohradska/pribinacek-tycinka-s-tvarohem-itemid-64ca0b7cba162577de489367",
      "image_url": "https://imageproxy.wolt.com/menu/menu-images/63ad795db242366d1f818f36/f0544610-7827-11f0-bec2-d6d360f8e088_27727485.jpg",
      "categories": [
        "MLÉČNÉ A CHLAZENÉ",
        "JOGURTY A DEZERTY"
      ],
      "prices": [
        {
          "store_name": "Albert",
          "price": 16.9,
          "original_price": null,
          "unit_price": 444.74,
          "unit": "Kg",
          "package_size": "38 g",
          "condition": null
        }
      ],
      "description": null
    },
    {
      "name": "Emco Mysli na zdraví Křupavé čokoládové trio",
      "brand": "Emco",
      "product_url": "https://wolt.com/cs/cze/prague/venue/albert-vinohradska/emco-mysli-na-zdravi-krupave-cokoladove-trio-itemid-64ca0b7cba162577de488765",
      "image_url": "https://imageproxy.wolt.com/menu/menu-images/63ad795db242366d1f818f36/3727b812-7826-11f0-ac39-22bb91203ca0_26421667.jpg",
      "categories": [
        "TRVANLIVÉ",
        "MÜSLI A CEREÁLIE"
      ],
      "prices": [
        {
          "store_name": "Albert",
          "price": 125.9,
          "original_price": null,
          "unit_price": 167.87,
          "unit": "Kg",
          "package_size": "750 g",
          "condition": null
        }
      ],
      "description": null
    },
    {
      "name": "Albert Sleďové filety v rostlinném oleji",
      "brand": "Albert",
      "product_url": "https://wolt.com/cs/cze/prague/venue/albert-vinohradska/albert-sledove-filety-v-rostlinnem-oleji-itemid-64ca0b7cba162577de488bad",
      "image_url": "https://imageproxy.wolt.com/menu/menu-images/63ad795db242366d1f818f36/274c511a-ad8b-11f0-9643-2210acfb4e40_27257043.jpg",
      "categories": [
        "TRVANLIVÉ",
        "KONZERVOVANÉ POTR."
      ],
      "prices": [
        {
          "store_name": "Albert",
          "price": 32.9,
          "original_price": null,
          "unit_price": 193.53,
          "unit": "Kg",
          "package_size": "170 g",
          "condition": null
        }
      ],
      "description": null
    },
    {
      "name": "Nature's Promise Kids Bio Kukuřiční delfínci",
      "brand": "Nature's Promise",
      "product_url": "https://wolt.com/cs/cze/prague/venue/albert-vinohradska/nature-s-promise-kids-bio-kukuricni-delfinci-itemid-64ca0b7cba162577de4892b7",
      "image_url": "https://imageproxy.wolt.com/menu/menu-images/64ffec4406cca0140dfab831/4ca113d2-8ec6-11ee-9ae0-fedb83882cb3_27607350.jpg",
      "categories": [
        "DÍTĚ",
        "VÝŽIVA"
      ],
      "prices": [
        {
          "store_name": "Albert",
          "price": null,
          "original_price": null,
          "unit_price": 378.0,
          "unit": "Kg",
          "package_size": "50 g",
          "condition": "Sleva"
        }
      ],
      "description": null
    },
    {
      "name": "Tatra Piknik zahuštěné slazené plnotučné mléko",
      "brand": "Tatra",
      "product_url": "https://wolt.com/cs/cze/prague/venue/albert-vinohradska/tatra-piknik-zahustene-slazene-plnotucne-mleko-itemid-64ca0b7cba162577de4898d4",
      "image_url": "https://imageproxy.wolt.com/menu/menu-images/64ffec4406cca0140dfab831/7790ee9c-8eac-11ee-9b10-9efff91d0ab5_20308285.jpg",
      "categories": [
        "MLÉČNÉ A CHLAZENÉ",
        "JOGURTY A DEZERTY"
      ],
      "prices": [
        {
          "store_name": "Albert",
          "price": 46.9,
          "original_price": null,
          "unit_price": 312.67,
          "unit": "Kg",
          "package_size": "150 g",
          "condition": null
        }
      ],
      "description": null
    },
    {
      "name": "Sunar mléčná krupicová kaše na noc vanilka",
      "brand": "Sunar",
      "product_url": "https://wolt.com/cs/cze/prague/venue/albert-vinohradska/sunar-mlecna-krupicova-kase-na-noc-vanilka-itemid-64ca0b7cba162577de488e1d",
      "image_url": "https://imageproxy.wolt.com/menu/menu-images/63ad795db242366d1f818f36/832ca59c-0608-11ef-903a-beb60a4dc8cc_25862379.jpg",
      "categories": [
        "DÍTĚ",
        "VÝŽIVA"
      ],
      "prices": [
        {
          "store_name": "Albert",
          "price": 69.9,
          "original_price": null,
          "unit_price": 332.86,
          "unit": "Kg",
          "package_size": "210 g",
          "condition": null
        }
      ],
      "description": null
    },
    {
      "name": "Nature's Promise Bio Bujón hovězí",
      "brand": "Nature's Promise",
      "product_url": "https://wolt.com/cs/cze/prague/venue/albert-vinohradska/nature-s-promise-bio-bujon-hovezi-itemid-64ca0b7cba162577de4892b0",
      "image_url": "https://imageproxy.wolt.com/menu/menu-images/64ffec4406cca0140dfab831/a22318dc-8ec6-11ee-a314-2289f94b8ae4_27617236.jpg",
      "categories": [
        "TRVANLIVÉ",
        "KOŘENÍ A OCHUCOVADLA"
      ],
      "prices": [
        {
          "store_name": "Albert",
          "price": null,
          "original_price": null,
          "unit_price": 362.12,
          "unit": "Kg",
          "package_size": "66 g",
          "condition": "Sleva"
        }
      ],
      "description": null
    },
    {
      "name": "Albert Excellent Salami extra",
      "brand": "Albert Excellent",
      "product_url": "https://wolt.com/cs/cze/prague/venue/albert-vinohradska/albert-excellent-salami-extra-itemid-64ca0b7cba162577de48943d",
      "image_url": "https://imageproxy.wolt.com/menu/menu-images/63ad795db242366d1f818f36/506a5e0a-4e4d-11ef-822e-ce5fc4baa831_26626093.jpg",
      "categories": [
        "UZENINY A LAHŮDKY",
        "SALÁMY"
      ],
      "prices": [
        {
          "store_name": "Albert",
          "price": 49.9,
          "original_price": null,
          "unit_price": 587.06,
          "unit": "Kg",
          "package_size": "85 g",
          "condition": null
        }
      ],
      "description": null
    },
    {
      "name": "Albert Grilovací koření",
      "brand": "Albert",
      "product_url": "https://wolt.com/cs/cze/prague/venue/albert-vinohradska/albert-grilovaci-koreni-itemid-64ca0b7cba162577de4880cd",
      "image_url": "https://imageproxy.wolt.com/menu/menu-images/64ffec4406cca0140dfab831/412c87a2-8ec1-11ee-aa6d-b254b150411e_27229958.jpg",
      "categories": [
        "TRVANLIVÉ",
        "KOŘENÍ A OCHUCOVADLA"
      ],
      "prices": [
        {
          "store_name": "Albert",
          "price": 9.9,
          "original_price": null,
          "unit_price": 247.5,
          "unit": "Kg",
          "package_size": "40 g",
          "condition": null
        }
      ],
      "description": null
    },
    {
      "name": "Heinz Fazole pečené v BBQ omáčce",
      "brand": "Heinz",
      "product_url": "https://wolt.com/cs/cze/prague/venue/albert-vinohradska/heinz-fazole-pecene-v-bbq-omacce-itemid-657233256818b938df947acc",
      "image_url": "https://imageproxy.wolt.com/menu/menu-images/64ffec4406cca0140dfab831/b89f9cd8-8ec2-11ee-a419-ce752cd7e428_27318966.jpg",
      "categories": [
        "TRVANLIVÉ",
        "KONZERVOVANÉ POTR."
      ],
      "prices": [
        {
          "store_name": "Albert",
          "price": 67.9,
          "original_price": null,
          "unit_price": 174.1,
          "unit": "Kg",
          "package_size": "390 g",
          "condition": null
        }
      ],
      "description": null
    },
    {
      "name": "Cute Baby Dětské kalhotky plenkové XL",
      "brand": "Cute Baby",
      "product_url": "https://wolt.com/cs/cze/prague/venue/albert-vinohradska/cute-baby-detske-kalhotky-plenkove-xl-itemid-64ca0b7cba162577de488dd5",
      "image_url": "https://imageproxy.wolt.com/menu/menu-images/63ad795db242366d1f818f36/05a0e474-9796-11ef-bca5-42ffc3de137f_27158173.jpg",
      "categories": [
        "DÍTĚ",
        "PLENY A PODLOŽKY"
      ],
      "prices": [
        {
          "store_name": "Albert",
          "price": 199.0,
          "original_price": null,
          "unit_price": 5.53,
          "unit": "ks",
          "package_size": "‪36‬ kusů",
          "condition": null
        }
      ],
      "description": null
    },
    {
      "name": "Starbucks Frappuccino Coffee",
      "brand": "Starbucks",
      "product_url": "https://wolt.com/cs/cze/prague/venue/albert-vinohradska/starbucks-frappuccino-coffee-itemid-64ca0b7cba162577de489402",
      "image_url": "https://imageproxy.wolt.com/menu/menu-images/63ad795db242366d1f818f36/006aae5e-9796-11ef-b836-ea4ebf169c26_27256947.jpg",
      "categories": [
        "MLÉČNÉ A CHLAZENÉ",
        "MLÉČNÉ NÁPOJE"
      ],
      "prices": [
        {
          "store_name": "Albert",
          "price": 59.9,
          "original_price": null,
          "unit_price": 239.6,
          "unit": "l",
          "package_size": "250 ml",
          "condition": null
        }
      ],
      "description": null
    },
    {
      "name": "Wrigleys Orbit Spearmint",
      "brand": "Wrigleys",
      "product_url": "https://wolt.com/cs/cze/prague/venue/albert-vinohradska/wrigleys-orbit-spearmint-itemid-64ca0b7cba162577de4888dd",
      "image_url": "https://imageproxy.wolt.com/menu/menu-images/63ad795db242366d1f818f36/05fc6a62-7826-11f0-8822-fe340938dce3_24195027.jpg",
      "categories": [
        "TRVANLIVÉ",
        "SLADKOSTI"
      ],
      "prices": [
        {
          "store_name": "Albert",
          "price": 74.9,
          "original_price": null,
          "unit_price": 1170.31,
          "unit": "Kg",
          "package_size": "64 g",
          "condition": null
        }
      ],
      "description": null
    },
    {
      "name": "Hochwald Eiskaffee Ledová káva",
      "brand": "Hochwald",
      "product_url": "https://wolt.com/cs/cze/prague/venue/albert-vinohradska/hochwald-eiskaffee-ledova-kava-itemid-64ca0b7cba162577de489d50",
      "image_url": "https://imageproxy.wolt.com/menu/menu-images/64ffec4406cca0140dfab831/3a3209d8-8eb5-11ee-b7c6-1e037cde04d4_25522570.jpg",
      "categories": [
        "MLÉČNÉ A CHLAZENÉ",
        "MLÉČNÉ NÁPOJE"
      ],
      "prices": [
        {
          "store_name": "Albert",
          "price": 36.9,
          "original_price": null,
          "unit_price": 147.6,
          "unit": "l",
          "package_size": "250 ml",
          "condition": null
        }
      ],
      "description": null
    },
    {
      "name": "Albert Gouda light plátky",
      "brand": "Albert",
      "product_url": "https://wolt.com/cs/cze/prague/venue/albert-vinohradska/albert-gouda-light-platky-itemid-64ca0b7cba162577de489282",
      "image_url": "https://imageproxy.wolt.com/menu/menu-images/64ffec4406cca0140dfab831/8198111a-8ebe-11ee-8b4c-1299365deb04_27035429.jpg",
      "categories": [
        "MLÉČNÉ A CHLAZENÉ",
        "SÝRY"
      ],
      "prices": [
        {
          "store_name": "Albert",
          "price": 46.9,
          "original_price": null,
          "unit_price": 234.5,
          "unit": "Kg",
          "package_size": "200 g",
          "condition": null
        }
      ],
      "description": null
    },
    {
      "name": "Albert Šunková pěna s kousky šunky",
      "brand": "Albert",
      "product_url": "https://wolt.com/cs/cze/prague/venue/albert-vinohradska/albert-sunkova-pena-s-kousky-sunky-itemid-657233256818b938df94781e",
      "image_url": "https://imageproxy.wolt.com/menu/menu-images/64ffec4406cca0140dfab831/304542ee-8ec1-11ee-906c-52a4ddf1765f_27220269.jpg",
      "categories": [
        "UZENINY A LAHŮDKY",
        "PAŠTIKY"
      ],
      "prices": [
        {
          "store_name": "Albert",
          "price": 23.9,
          "original_price": null,
          "unit_price": 159.33,
          "unit": "Kg",
          "package_size": "150 g",
          "condition": null
        }
      ],
      "description": null
    },
    {
      "name": "Nature's Promise Tvaroh polotučný bez laktózy",
      "brand": "Nature's Promise",
      "product_url": "https://wolt.com/cs/cze/prague/venue/albert-vinohradska/nature-s-promise-tvaroh-polotucny-bez-laktozy-itemid-64ca0b7cba162577de488d1f",
      "image_url": "https://imageproxy.wolt.com/menu/menu-images/64ffec4406cca0140dfab831/58cffb00-8ec1-11ee-9cb3-22bb34ae47e9_27241066.jpg",
      "categories": [
        "MLÉČNÉ A CHLAZENÉ",
        "TVAROHY"
      ],
      "prices": [
        {
          "store_name": "Albert",
          "price": null,
          "original_price": null,
          "unit_price": 103.6,
          "unit": "Kg",
          "package_size": "250 g",
          "condition": "Sleva"
        }
      ],
      "description": null
    },
    {
      "name": "Albert Granule pro kočky s hovězím",
      "brand": "Albert",
      "product_url": "https://wolt.com/cs/cze/prague/venue/albert-vinohradska/albert-granule-pro-kocky-s-hovezim-itemid-64ca0b7cba162577de48a390",
      "image_url": "https://imageproxy.wolt.com/menu/menu-images/64ffec4406cca0140dfab831/c6697d88-8ec3-11ee-9a57-6e71a63f1558_27423448.jpg",
      "categories": [
        "ZVÍŘATA",
        "KOČKY"
      ],
      "prices": [
        {
          "store_name": "Albert",
          "price": 31.9,
          "original_price": null,
          "unit_price": 106.33,
          "unit": "Kg",
          "package_size": "300 g",
          "condition": null
        }
      ],
      "description": null
    },
    {
      "name": "Bohemia Chips Solené",
      "brand": "Bohemia",
      "product_url": "https://wolt.com/cs/cze/prague/venue/albert-vinohradska/bohemia-chips-solene-itemid-64ca0b7cba162577de48828f",
      "image_url": "https://imageproxy.wolt.com/menu/menu-images/64ffec4406cca0140dfab831/3dafa938-8ec1-11ee-bdb6-4eeff7c63e9c_27228098.jpg",
      "categories": [
        "TRVANLIVÉ",
        "SLANÉ"
      ],
      "prices": [
        {
          "store_name": "Albert",
          "price": 59.9,
          "original_price": null,
          "unit_price": 460.77,
          "unit": "Kg",
          "package_size": "130 g",
          "condition": null
        }
      ],
      "description": null
    },
    {
      "name": "Hello Ovocná přesnídávka s broskvemi",
      "brand": "Hello",
      "product_url": "https://wolt.com/cs/cze/prague/venue/albert-vinohradska/hello-ovocna-presnidavka-s-broskvemi-itemid-64ca0b7cba162577de4898d5",
      "image_url": "https://imageproxy.wolt.com/menu/menu-images/63ad795db242366d1f818f36/cc8af22e-7827-11f0-9912-8ae646140c72_27054024.jpg",
      "categories": [
        "DÍTĚ",
        "VÝŽIVA"
      ],
      "prices": [
        {
          "store_name": "Albert",
          "price": 11.9,
          "original_price": null,
          "unit_price": 59.5,
          "unit": "Kg",
          "package_size": "200 g",
          "condition": null
        }
      ],
      "description": null
    },
    {
      "name": "Gervais Krémový sýr tvarohový s pažitkou",
      "brand": "Gervais",
      "product_url": "https://wolt.com/cs/cze/prague/venue/albert-vinohradska/gervais-kremovy-syr-tvarohovy-s-pazitkou-itemid-64ca0b7cba162577de489287",
      "image_url": "https://imageproxy.wolt.com/menu/menu-images/63ad795db242366d1f818f36/d0973784-5efa-11ef-a676-764fe012c3e1_21870781.jpg",
      "categories": [
        "MLÉČNÉ A CHLAZENÉ",
        "SÝRY"
      ],
      "prices": [
        {
          "store_name": "Albert",
          "price": null,
          "original_price": null,
          "unit_price": 311.25,
          "unit": "Kg",
          "package_size": "80 g",
          "condition": "Sleva"
        }
      ],
      "description": null
    },
    {
      "name": "Herbarium Moravicum Ryzlink vlašský",
      "brand": "Herbarium",
      "product_url": "https://wolt.com/cs/cze/prague/venue/albert-vinohradska/herbarium-moravicum-ryzlink-vlassky-itemid-657233256818b938df948661",
      "image_url": "https://imageproxy.wolt.com/menu/menu-images/64ffec4406cca0140dfab831/4a6bea44-8eb0-11ee-9fec-eadf6ce36c9d_23726352.jpg",
      "categories": [
        "NÁPOJE",
        "VÍNA"
      ],
      "prices": [
        {
          "store_name": "Albert",
          "price": 179.0,
          "original_price": null,
          "unit_price": 238.67,
          "unit": "l",
          "package_size": "750 ml, 11,5% alc",
          "condition": "18+, Vyprodáno"
        }
      ],
      "description": null
    },
    {
      "name": "Hovězí plátky na ptáčky",
      "brand": "Hovězí",
      "product_url": "https://wolt.com/cs/cze/prague/venue/albert-vinohradska/hovezi-platky-na-ptacky-itemid-657233256818b938df94897f",
      "image_url": "https://imageproxy.wolt.com/menu/menu-images/64ffec4406cca0140dfab831/8d7b64be-8ec8-11ee-be1b-b649ab0f849e_27725788.jpg",
      "categories": [
        "MASO A RYBY",
        "HOVĚZÍ A TELECÍ"
      ],
      "prices": [
        {
          "store_name": "Albert",
          "price": 199.0,
          "original_price": null,
          "unit_price": 497.5,
          "unit": "Kg",
          "package_size": "400 g",
          "condition": null
        }
      ],
      "description": null
    },
    {
      "name": "Lay's Strong Chilli & Lime",
      "brand": "Lay's",
      "product_url": "https://wolt.com/cs/cze/prague/venue/albert-vinohradska/lay-s-strong-chilli-lime-itemid-64ca0b7cba162577de48a712",
      "image_url": "https://imageproxy.wolt.com/menu/menu-images/63ad795db242366d1f818f36/52edd5f2-d671-11ee-8d64-0203baeb71ee_27774991.jpg",
      "categories": [
        "TRVANLIVÉ",
        "SLANÉ"
      ],
      "prices": [
        {
          "store_name": "Albert",
          "price": 39.9,
          "original_price": null,
          "unit_price": 332.5,
          "unit": "Kg",
          "package_size": "120 g",
          "condition": null
        }
      ],
      "description": null
    },
    {
      "name": "Kuřecí medailonky z prsních řízků chlazené",
      "brand": null,
      "product_url": "https://wolt.com/cs/cze/prague/venue/albert-vinohradska/kureci-medailonky-z-prsnich-rizku-chlazene-itemid-64ca0b7cba162577de488397",
      "image_url": "https://imageproxy.wolt.com/menu/menu-images/64ffec4406cca0140dfab831/483df3b0-8ebb-11ee-a97d-0208801a60c2_26760858.jpg",
      "categories": [
        "MASO A RYBY",
        "DRŮBEŽ"
      ],
      "prices": [
        {
          "store_name": "Albert",
          "price": 129.06,
          "original_price": null,
          "unit_price": null,
          "unit": null,
          "package_size": null,
          "condition": null
        }
      ],
      "description": null
    },
    {
      "name": "Bzenecký ocet kvasný jablečný",
      "brand": "Bzenecký",
      "product_url": "https://wolt.com/cs/cze/prague/venue/albert-vinohradska/bzenecky-ocet-kvasny-jablecny-itemid-64ca0b7cba162577de488715",
      "image_url": "https://imageproxy.wolt.com/menu/menu-images/64ffec4406cca0140dfab831/fb548e0e-8ead-11ee-b8da-1ef82258dff4_21512315.jpg",
      "categories": [
        "TRVANLIVÉ",
        "OLEJE A OCTY"
      ],
      "prices": [
        {
          "store_name": "Albert",
          "price": 49.9,
          "original_price": null,
          "unit_price": 99.8,
          "unit": "l",
          "package_size": "500 ml",
          "condition": null
        }
      ],
      "description": null
    },
    {
      "name": "Pribináček kakaový",
      "brand": "Pribináček",
      "product_url": "https://wolt.com/cs/cze/prague/venue/albert-vinohradska/pribinacek-kakaovy-itemid-64ca0b7cba162577de4884c7",
      "image_url": "https://imageproxy.wolt.com/menu/menu-images/63ad795db242366d1f818f36/1dc2c782-25b4-11f0-bcec-e2259a432f0e_24110846.jpg",
      "categories": [
        "MLÉČNÉ A CHLAZENÉ",
        "JOGURTY A DEZERTY"
      ],
      "prices": [
        {
          "store_name": "Albert",
          "price": 29.9,
          "original_price": null,
          "unit_price": 239.2,
          "unit": "Kg",
          "package_size": "125 g",
          "condition": null
        }
      ],
      "description": null
    },
    {
      "name": "Albert Excellent Tapas Guacamole dip s avokádem",
      "brand": "Albert Excellent",
      "product_url": "https://wolt.com/cs/cze/prague/venue/albert-vinohradska/albert-excellent-tapas-guacamole-dip-s-avokadem-itemid-64ca0b7cba162577de488b1b",
      "image_url": "https://imageproxy.wolt.com/menu/menu-images/6745ec28c3b7723db3588430/61f7520c-eb01-11f0-9a45-ead75df02e2d_27596746.jpg",
      "categories": [
        "UZENINY A LAHŮDKY",
        "TAPAS"
      ],
      "prices": [
        {
          "store_name": "Albert",
          "price": 69.0,
          "original_price": null,
          "unit_price": 394.29,
          "unit": "Kg",
          "package_size": "175 g",
          "condition": null
        }
      ],
      "description": null
    },
    {
      "name": "Albert Kuskus pšeničný",
      "brand": "Albert",
      "product_url": "https://wolt.com/cs/cze/prague/venue/albert-vinohradska/albert-kuskus-psenicny-itemid-64ca0b7cba162577de48852b",
      "image_url": "https://imageproxy.wolt.com/menu/menu-images/64ffec4406cca0140dfab831/2abb1a88-8ec1-11ee-921e-3ef4a229de2c_27219485.jpg",
      "categories": [
        "TRVANLIVÉ",
        "TĚSTOVINY A KUSKUS"
      ],
      "prices": [
        {
          "store_name": "Albert",
          "price": 33.9,
          "original_price": null,
          "unit_price": 67.8,
          "unit": "Kg",
          "package_size": "500 g",
          "condition": null
        }
      ],
      "description": null
    },
    {
      "name": "Galbani Mozzarella protein",
      "brand": "Galbani",
      "product_url": "https://wolt.com/cs/cze/prague/venue/albert-vinohradska/galbani-mozzarella-protein-itemid-681b5abffcbd67bf7a8f4a27",
      "image_url": "https://imageproxy.wolt.com/menu/menu-images/63ad795db242366d1f818f36/cc0f63ac-2b47-11f0-97d4-26adcdbea7f7_27968840.jpg",
      "categories": [
        "MLÉČNÉ A CHLAZENÉ",
        "SÝRY"
      ],
      "prices": [
        {
          "store_name": "Albert",
          "price": 40.9,
          "original_price": null,
          "unit_price": 327.2,
          "unit": "Kg",
          "package_size": "125 g",
          "condition": null
        }
      ],
      "description": null
    },
    {
      "name": "Baileys Original Irish 17%",
      "brand": "Baileys",
      "product_url": "https://wolt.com/cs/cze/prague/venue/albert-vinohradska/baileys-original-irish-17-itemid-64ca0b7cba162577de488711",
      "image_url": "https://imageproxy.wolt.com/menu/menu-images/64ffec4406cca0140dfab831/e07e6280-8ead-11ee-81df-4e1b0e3e674e_21405020.jpg",
      "categories": [
        "NÁPOJE",
        "LIHOVINY"
      ],
      "prices": [
        {
          "store_name": "Albert",
          "price": 529.0,
          "original_price": null,
          "unit_price": 755.71,
          "unit": "l",
          "package_size": "700 ml, 17% alc",
          "condition": "18+"
        }
      ],
      "description": null
    },
    {
      "name": "Tarapacá Syrah Reserva",
      "brand": "Tarapacá",
      "product_url": "https://wolt.com/cs/cze/prague/venue/albert-vinohradska/tarapaca-syrah-reserva-itemid-657233256818b938df9480d7",
      "image_url": "https://imageproxy.wolt.com/menu/menu-images/64ffec4406cca0140dfab831/7120b5f0-8eb7-11ee-bef2-96ff514b0205_25932324.jpg",
      "categories": [
        "NÁPOJE",
        "VÍNA"
      ],
      "prices": [
        {
          "store_name": "Albert",
          "price": 279.0,
          "original_price": null,
          "unit_price": 372.0,
          "unit": "l",
          "package_size": "750 ml, 13,5% alc",
          "condition": "18+"
        }
      ],
      "description": null
    },
    {
      "name": "Zott Jogobella Jogurt (mix příchutí)",
      "brand": "Zott",
      "product_url": "https://wolt.com/cs/cze/prague/venue/albert-vinohradska/zott-jogobella-jogurt-mix-prichuti-itemid-64ca0b7cba162577de489444",
      "image_url": "https://imageproxy.wolt.com/menu/menu-images/63ad795db242366d1f818f36/e61c110c-7825-11f0-9cc5-1e81f8798068_22594723.jpg",
      "categories": [
        "MLÉČNÉ A CHLAZENÉ",
        "JOGURTY A DEZERTY"
      ],
      "prices": [
        {
          "store_name": "Albert",
          "price": 14.9,
          "original_price": null,
          "unit_price": 99.33,
          "unit": "Kg",
          "package_size": "150 g",
          "condition": null
        }
      ],
      "description": null
    },
    {
      "name": "Petržel balená",
      "brand": "Petržel",
      "product_url": "https://wolt.com/cs/cze/prague/venue/albert-vinohradska/petrzel-balena-itemid-64ca0b7cba162577de488543",
      "image_url": "https://imageproxy.wolt.com/menu/menu-images/64ffec4406cca0140dfab831/f54daec2-8ebd-11ee-8807-4a6028ff4aea_26979571.jpg",
      "categories": [
        "OVOCE A ZELENINA",
        "ZELENINA"
      ],
      "prices": [
        {
          "store_name": "Albert",
          "price": 39.9,
          "original_price": null,
          "unit_price": 114.0,
          "unit": "Kg",
          "package_size": "350 g",
          "condition": null
        }
      ],
      "description": null
    },
    {
      "name": "Dr. Oetker Solamyl jemný bramborový škrob",
      "brand": "Dr. Oetker",
      "product_url": "https://wolt.com/cs/cze/prague/venue/albert-vinohradska/dr-oetker-solamyl-jemny-bramborovy-skrob-itemid-6601e2cd136a34e0a432ab07",
      "image_url": "https://imageproxy.wolt.com/menu/menu-images/63ad795db242366d1f818f36/16c920fc-a8ea-11f0-ada1-e20c8df7e6f2_26751504.jpg",
      "categories": [
        "TRVANLIVÉ",
        "PEČENÍ A VAŘENÍ"
      ],
      "prices": [
        {
          "store_name": "Albert",
          "price": 39.9,
          "original_price": null,
          "unit_price": 199.5,
          "unit": "Kg",
          "package_size": "200 g",
          "condition": null
        }
      ],
      "description": null
    },
    {
      "name": "Král Sýrů Hermelín provensálské bylinky",
      "brand": "Král",
      "product_url": "https://wolt.com/cs/cze/prague/venue/albert-vinohradska/kral-syru-hermelin-provensalske-bylinky-itemid-64ca0b7cba162577de488247",
      "image_url": "https://imageproxy.wolt.com/menu/menu-images/63ad795db242366d1f818f36/7385bcce-25b4-11f0-ae26-5a4afdb85897_25142976.jpg",
      "categories": [
        "MLÉČNÉ A CHLAZENÉ",
        "SÝRY"
      ],
      "prices": [
        {
          "store_name": "Albert",
          "price": null,
          "original_price": null,
          "unit_price": 332.5,
          "unit": "Kg",
          "package_size": "120 g",
          "condition": "Sleva"
        }
      ],
      "description": null
    },
    {
      "name": "Perla Napoli zrnková káva",
      "brand": "Perla",
      "product_url": "https://wolt.com/cs/cze/prague/venue/albert-vinohradska/perla-napoli-zrnkova-kava-itemid-64ca0b7cba162577de48a540",
      "image_url": "https://imageproxy.wolt.com/menu/menu-images/63ad795db242366d1f818f36/64d58e1e-4e4d-11ef-a038-2637203711e8_27257289.jpg",
      "categories": [
        "NÁPOJE",
        "KÁVA A ČAJ"
      ],
      "prices": [
        {
          "store_name": "Albert",
          "price": 279.0,
          "original_price": null,
          "unit_price": 558.0,
          "unit": "Kg",
          "package_size": "500 g",
          "condition": null
        }
      ],
      "description": null
    },
    {
      "name": "Nature's Promise Bio Baby Těstoviny kuře, zelenina",
      "brand": "Nature's Promise",
      "product_url": "https://wolt.com/cs/cze/prague/venue/albert-vinohradska/nature-s-promise-bio-baby-testoviny-kure-zelenina-itemid-64ca0b7cba162577de488e13",
      "image_url": "https://imageproxy.wolt.com/menu/menu-images/64ffec4406cca0140dfab831/7052b7de-8ebe-11ee-92ff-3abcd54edd52_27029602.jpg",
      "categories": [
        "DÍTĚ",
        "VÝŽIVA"
      ],
      "prices": [
        {
          "store_name": "Albert",
          "price": 24.9,
          "original_price": null,
          "unit_price": 131.05,
          "unit": "Kg",
          "package_size": "190 g",
          "condition": null
        }
      ],
      "description": null
    },
    {
      "name": "Harmony Kuchyňské utěrky Bob a bobek dvouvrstvé",
      "brand": "Harmony",
      "product_url": "https://wolt.com/cs/cze/prague/venue/albert-vinohradska/harmony-kuchynske-uterky-bob-a-bobek-dvouvrstve-itemid-64ca0b7cba162577de489d21",
      "image_url": "https://imageproxy.wolt.com/menu/menu-images/63ad795db242366d1f818f36/de5cd586-ed43-11ef-8857-5e4122de2de0_25268621.jpg",
      "categories": [
        "DROGERIE A KOSMETIKA",
        "PAPÍROVÁ HYGIENA"
      ],
      "prices": [
        {
          "store_name": "Albert",
          "price": 69.9,
          "original_price": null,
          "unit_price": 34.95,
          "unit": "ks",
          "package_size": "‪2‬ kusů",
          "condition": null
        }
      ],
      "description": null
    },
    {
      "name": "Sommelier Collection Veltlínské zelené",
      "brand": "Sommelier",
      "product_url": "https://wolt.com/cs/cze/prague/venue/albert-vinohradska/sommelier-collection-veltlinske-zelene-itemid-657233256818b938df9489ce",
      "image_url": "https://imageproxy.wolt.com/menu/menu-images/63ad795db242366d1f818f36/99cc263e-10f7-11ef-9eb7-364d3059043c_27563670.jpg",
      "categories": [
        "NÁPOJE",
        "VÍNA"
      ],
      "prices": [
        {
          "store_name": "Albert",
          "price": 219.0,
          "original_price": null,
          "unit_price": 292.0,
          "unit": "l",
          "package_size": "750 ml, 11,5% alc",
          "condition": "18+"
        }
      ],
      "description": null
    },
    {
      "name": "Babiččina volba Mouka hrubá pšeničná",
      "brand": "Babiččina",
      "product_url": "https://wolt.com/cs/cze/prague/venue/albert-vinohradska/babiccina-volba-mouka-hruba-psenicna-itemid-64ca0b7cba162577de4894df",
      "image_url": "https://imageproxy.wolt.com/menu/menu-images/64ffec4406cca0140dfab831/5c63b07c-8eb7-11ee-baa7-1e9e4c6f0bda_25927047.jpg",
      "categories": [
        "TRVANLIVÉ",
        "PEČENÍ A VAŘENÍ"
      ],
      "prices": [
        {
          "store_name": "Albert",
          "price": 19.9,
          "original_price": null,
          "unit_price": 19.9,
          "unit": "Kg",
          "package_size": "1 kg",
          "condition": null
        }
      ],
      "description": null
    },
    {
      "name": "Madeta Jihočeské pomazánkové pažitka",
      "brand": "Madeta",
      "product_url": "https://wolt.com/cs/cze/prague/venue/albert-vinohradska/madeta-jihoceske-pomazankove-pazitka-itemid-64ca0b7cba162577de4891a1",
      "image_url": "https://imageproxy.wolt.com/menu/menu-images/63ad795db242366d1f818f36/03c16248-7826-11f0-be3a-5ee64a7a0dc7_24117883.jpg",
      "categories": [
        "MLÉČNÉ A CHLAZENÉ",
        "MÁSLO A TUKY"
      ],
      "prices": [
        {
          "store_name": "Albert",
          "price": null,
          "original_price": null,
          "unit_price": 199.33,
          "unit": "Kg",
          "package_size": "150 g",
          "condition": "Sleva"
        }
      ],
      "description": null
    },
    {
      "name": "Alwyas Ultra Super vložky s křidélky",
      "brand": "Alwyas",
      "product_url": "https://wolt.com/cs/cze/prague/venue/albert-vinohradska/alwyas-ultra-super-vlozky-s-kridelky-itemid-64ca0b7cba162577de489f41",
      "image_url": "https://imageproxy.wolt.com/menu/menu-images/64ffec4406cca0140dfab831/50fc6884-8eb0-11ee-8526-1aab45c8976d_23733657.jpg",
      "categories": [
        "DROGERIE A KOSMETIKA",
        "DÁMSKÉ HYG. POTŘEBY"
      ],
      "prices": [
        {
          "store_name": "Albert",
          "price": 219.0,
          "original_price": null,
          "unit_price": 6.84,
          "unit": "ks",
          "package_size": "‪32‬ kusů",
          "condition": null
        }
      ],
      "description": null
    },
    {
      "name": "Česká Chuť Zmrzlina z Opočna vanilková",
      "brand": "Česká chuť",
      "product_url": "https://wolt.com/cs/cze/prague/venue/albert-vinohradska/ceska-chut-zmrzlina-z-opocna-vanilkova-itemid-6876153a0c6218e9f3e5f480",
      "image_url": "https://imageproxy.wolt.com/menu/menu-images/64b62ec5e5ab70cdc92e30f0/2a33dcf8-616f-11f0-9a0b-6e4864e4ce79_27862698.jpg",
      "categories": [
        "MRAŽENÉ POTRAVINY",
        "ZMRZLINA A NANUKY"
      ],
      "prices": [
        {
          "store_name": "Albert",
          "price": 89.9,
          "original_price": null,
          "unit_price": 195.43,
          "unit": "l",
          "package_size": "460 ml",
          "condition": "Vyprodáno"
        }
      ],
      "description": null
    },
    {
      "name": "Opavia BeBe Dobré ráno Sušenky müsli s ovocem",
      "brand": "Opavia",
      "product_url": "https://wolt.com/cs/cze/prague/venue/albert-vinohradska/opavia-bebe-dobre-rano-susenky-musli-s-ovocem-itemid-64ca0b7cba162577de489abd",
      "image_url": "https://imageproxy.wolt.com/menu/menu-images/63ad795db242366d1f818f36/b5e7e12e-f8ef-11ef-94f1-2ed0cf8b09f8_23516298.jpg",
      "categories": [
        "TRVANLIVÉ",
        "SLADKOSTI"
      ],
      "prices": [
        {
          "store_name": "Albert",
          "price": 69.9,
          "original_price": null,
          "unit_price": 174.75,
          "unit": "Kg",
          "package_size": "400 g",
          "condition": null
        }
      ],
      "description": null
    },
    {
      "name": "Česká chuť Hořčice kremžská",
      "brand": "Česká chuť",
      "product_url": "https://wolt.com/cs/cze/prague/venue/albert-vinohradska/ceska-chut-horcice-kremzska-itemid-64ca0b7cba162577de489564",
      "image_url": "https://imageproxy.wolt.com/menu/menu-images/64ffec4406cca0140dfab831/8738f1c8-8ebb-11ee-b066-b287692f5450_26777863.jpg",
      "categories": [
        "TRVANLIVÉ",
        "KEČUPY A HOŘČICE"
      ],
      "prices": [
        {
          "store_name": "Albert",
          "price": 38.9,
          "original_price": null,
          "unit_price": 86.44,
          "unit": "Kg",
          "package_size": "450 g",
          "condition": null
        }
      ],
      "description": null
    },
    {
      "name": "Albert Ginger shot jablko, řepa a zázvor",
      "brand": "Albert",
      "product_url": "https://wolt.com/cs/cze/prague/venue/albert-vinohradska/albert-ginger-shot-jablko-repa-a-zazvor-itemid-64ca0b7cba162577de48973d",
      "image_url": "https://imageproxy.wolt.com/menu/menu-images/63ad795db242366d1f818f36/cad2347e-0609-11ef-80b9-2aabf4f10751_27698501.jpg",
      "categories": [
        "NÁPOJE",
        "DŽUSY A NEKTARY"
      ],
      "prices": [
        {
          "store_name": "Albert",
          "price": 42.9,
          "original_price": null,
          "unit_price": 238.33,
          "unit": "l",
          "package_size": "180 ml",
          "condition": null
        }
      ],
      "description": null
    },
    {
      "name": "TopNatur Kokosová tyčinka s příchutí hořké čokolády",
      "brand": "TopNatur",
      "product_url": "https://wolt.com/cs/cze/prague/venue/albert-vinohradska/topnatur-kokosova-tycinka-s-prichuti-horke-cokolady-itemid-6602012c4d26d7aada309302",
      "image_url": "https://imageproxy.wolt.com/menu/menu-images/6601c613e48d1c8d95333085/bed0efa2-eae4-11ee-8097-063f1831dce3_27665602.jpg",
      "categories": [
        "TRVANLIVÉ",
        "SLADKOSTI"
      ],
      "prices": [
        {
          "store_name": "Albert",
          "price": null,
          "original_price": null,
          "unit_price": 547.5,
          "unit": "Kg",
          "package_size": "40 g",
          "condition": "Sleva"
        }
      ],
      "description": null
    },
    {
      "name": "Albert Smoothie jahoda, banán a acerola",
      "brand": "Albert",
      "product_url": "https://wolt.com/cs/cze/prague/venue/albert-vinohradska/albert-smoothie-jahoda-banan-a-acerola-itemid-64ca0b7cba162577de4888e5",
      "image_url": "https://imageproxy.wolt.com/menu/menu-images/63ad795db242366d1f818f36/4ed1f242-c471-11f0-8846-ba5de8f8108f_27198438.jpg",
      "categories": [
        "NÁPOJE",
        "DŽUSY A NEKTARY"
      ],
      "prices": [
        {
          "store_name": "Albert",
          "price": 39.9,
          "original_price": null,
          "unit_price": 159.6,
          "unit": "l",
          "package_size": "250 ml",
          "condition": null
        }
      ],
      "description": null
    },
    {
      "name": "Body&Future Nápoj mandlový nesycený",
      "brand": "Body&Future",
      "product_url": "https://wolt.com/cs/cze/prague/venue/albert-vinohradska/body-future-napoj-mandlovy-nesyceny-itemid-64ca0b7cba162577de489335",
      "image_url": "https://imageproxy.wolt.com/menu/menu-images/64ffec4406cca0140dfab831/c2d65c7c-8ebe-11ee-80dd-5eb9bb96d91f_27053720.jpg",
      "categories": [
        "MLÉČNÉ A CHLAZENÉ",
        "ROSTLINNÉ PRODUKTY"
      ],
      "prices": [
        {
          "store_name": "Albert",
          "price": null,
          "original_price": null,
          "unit_price": 66.53,
          "unit": "l",
          "package_size": "750 ml",
          "condition": "Sleva"
        }
      ],
      "description": null
    },
    {
      "name": "Agrola Jihočeský zákys jahoda",
      "brand": "Agrola",
      "product_url": "https://wolt.com/cs/cze/prague/venue/albert-vinohradska/agrola-jihocesky-zakys-jahoda-itemid-64ca0b7cba162577de4897b7",
      "image_url": "https://imageproxy.wolt.com/menu/menu-images/64ffec4406cca0140dfab831/a9fec94a-8eb5-11ee-8e9a-224a9e8cb6c6_25606683.jpg",
      "categories": [
        "MLÉČNÉ A CHLAZENÉ",
        "MLÉČNÉ NÁPOJE"
      ],
      "prices": [
        {
          "store_name": "Albert",
          "price": 29.9,
          "original_price": null,
          "unit_price": 90.61,
          "unit": "Kg",
          "package_size": "330 g",
          "condition": null
        }
      ],
      "description": null
    },
    {
      "name": "Emco Mysli na zdraví Křupavé hořká čokoláda",
      "brand": "Emco",
      "product_url": "https://wolt.com/cs/cze/prague/venue/albert-vinohradska/emco-mysli-na-zdravi-krupave-horka-cokolada-itemid-64ca0b7cba162577de48911d",
      "image_url": "https://imageproxy.wolt.com/menu/menu-images/63ad795db242366d1f818f36/3178dffe-7826-11f0-8c84-3a17da8a0619_26257693.jpg",
      "categories": [
        "TRVANLIVÉ",
        "MÜSLI A CEREÁLIE"
      ],
      "prices": [
        {
          "store_name": "Albert",
          "price": 125.9,
          "original_price": null,
          "unit_price": 167.87,
          "unit": "Kg",
          "package_size": "750 g",
          "condition": null
        }
      ],
      "description": null
    },
    {
      "name": "Albert Happy Baby Pleny Junior",
      "brand": "Albert",
      "product_url": "https://wolt.com/cs/cze/prague/venue/albert-vinohradska/albert-happy-baby-pleny-junior-itemid-64ca0b7cba162577de4899d2",
      "image_url": "https://imageproxy.wolt.com/menu/menu-images/64ffec4406cca0140dfab831/3924aa88-8ec8-11ee-8d32-3aebc6ac32b3_27710395.jpg",
      "categories": [
        "DÍTĚ",
        "PLENY A PODLOŽKY"
      ],
      "prices": [
        {
          "store_name": "Albert",
          "price": 249.0,
          "original_price": null,
          "unit_price": 3.28,
          "unit": "ks",
          "package_size": "‪76‬ kusů",
          "condition": null
        }
      ],
      "description": null
    },
    {
      "name": "Metaxa 12* Star New 40%",
      "brand": "Metaxa",
      "product_url": "https://wolt.com/cs/cze/prague/venue/albert-vinohradska/metaxa-12-star-new-40-itemid-64ca0b7cba162577de489fac",
      "image_url": "https://imageproxy.wolt.com/menu/menu-images/63ad795db242366d1f818f36/574bcc2c-4e4d-11ef-a384-a273fbd40e2b_26642604.jpg",
      "categories": [
        "NÁPOJE",
        "LIHOVINY"
      ],
      "prices": [
        {
          "store_name": "Albert",
          "price": 829.0,
          "original_price": null,
          "unit_price": 1184.29,
          "unit": "l",
          "package_size": "700 ml, 40% alc",
          "condition": "18+"
        }
      ],
      "description": null
    },
    {
      "name": "Kotányi Paprika lahůdková mletá",
      "brand": "Kotányi",
      "product_url": "https://wolt.com/cs/cze/prague/venue/albert-vinohradska/kotanyi-paprika-lahudkova-mleta-itemid-657233256818b938df947ddb",
      "image_url": "https://imageproxy.wolt.com/menu/menu-images/64ffec4406cca0140dfab831/57da99fc-8eae-11ee-97db-0ad9bf6baf5b_22208071.jpg",
      "categories": [
        "TRVANLIVÉ",
        "KOŘENÍ A OCHUCOVADLA"
      ],
      "prices": [
        {
          "store_name": "Albert",
          "price": 76.9,
          "original_price": null,
          "unit_price": 769.0,
          "unit": "Kg",
          "package_size": "100 g",
          "condition": null
        }
      ],
      "description": null
    },
    {
      "name": "Bohemia Hradecké tyčinky kmín a sůl",
      "brand": "Bohemia",
      "product_url": "https://wolt.com/cs/cze/prague/venue/albert-vinohradska/bohemia-hradecke-tycinky-kmin-a-sul-itemid-64ca0b7cba162577de4897e6",
      "image_url": "https://imageproxy.wolt.com/menu/menu-images/64ffec4406cca0140dfab831/ee110730-8eae-11ee-8a2b-a64f6127a8cf_22912305.jpg",
      "categories": [
        "TRVANLIVÉ",
        "SLANÉ"
      ],
      "prices": [
        {
          "store_name": "Albert",
          "price": 27.9,
          "original_price": null,
          "unit_price": 279.0,
          "unit": "Kg",
          "package_size": "100 g",
          "condition": null
        }
      ],
      "description": null
    },
    {
      "name": "Dream&Co Tiramisu",
      "brand": "Dream&Co",
      "product_url": "https://wolt.com/cs/cze/prague/venue/albert-vinohradska/dream-co-tiramisu-itemid-6876153a0c6218e9f3e5f42c",
      "image_url": "https://imageproxy.wolt.com/menu/menu-images/64b62ec5e5ab70cdc92e30f0/fa77f68e-616e-11f0-823e-9631add997d6_25650068.jpg",
      "categories": [
        "MRAŽENÉ POTRAVINY",
        "ZMRZLINA A NANUKY"
      ],
      "prices": [
        {
          "store_name": "Albert",
          "price": 129.9,
          "original_price": null,
          "unit_price": 144.33,
          "unit": "l",
          "package_size": "900 ml",
          "condition": null
        }
      ],
      "description": null
    },
    {
      "name": "Viňa Tarapacá Syrah",
      "brand": "Viňa",
      "product_url": "https://wolt.com/cs/cze/prague/venue/albert-vinohradska/vina-tarapaca-syrah-itemid-64ca0b7cba162577de488b9d",
      "image_url": "https://imageproxy.wolt.com/menu/menu-images/64ffec4406cca0140dfab831/5c7e41b4-8eb0-11ee-9d9b-3a1814765055_23743380.jpg",
      "categories": [
        "NÁPOJE",
        "VÍNA"
      ],
      "prices": [
        {
          "store_name": "Albert",
          "price": 209.0,
          "original_price": null,
          "unit_price": 278.67,
          "unit": "l",
          "package_size": "750 ml, 13,5% alc",
          "condition": "18+"
        }
      ],
      "description": null
    },
    {
      "name": "Nový Věk Chlebíčky rýžové jogurtové",
      "brand": "Nový",
      "product_url": "https://wolt.com/cs/cze/prague/venue/albert-vinohradska/novy-vek-chlebicky-ryzove-jogurtove-itemid-64ca0b7cba162577de48923e",
      "image_url": "https://imageproxy.wolt.com/menu/menu-images/64ffec4406cca0140dfab831/498c1fe2-8eae-11ee-8222-faa0c7b9848f_22090195.jpg",
      "categories": [
        "PEKÁRNA A CUKRÁRNA",
        "RACIO A KNÄCKEBROT"
      ],
      "prices": [
        {
          "store_name": "Albert",
          "price": null,
          "original_price": null,
          "unit_price": 248.33,
          "unit": "Kg",
          "package_size": "60 g",
          "condition": "Sleva"
        }
      ],
      "description": null
    },
    {
      "name": "Propesko Mistr Filetky s hovězím a zvěřinou",
      "brand": "Propesko",
      "product_url": "https://wolt.com/cs/cze/prague/venue/albert-vinohradska/propesko-mistr-filetky-s-hovezim-a-zverinou-itemid-657233256818b938df947973",
      "image_url": "https://imageproxy.wolt.com/menu/menu-images/63ad795db242366d1f818f36/8a0ccf4a-cca1-11ee-b5e7-9ac03e73d9fe_27615850.jpg",
      "categories": [
        "ZVÍŘATA",
        "PSI"
      ],
      "prices": [
        {
          "store_name": "Albert",
          "price": 149.9,
          "original_price": null,
          "unit_price": 146.96,
          "unit": "Kg",
          "package_size": "1,02 kg",
          "condition": null
        }
      ],
      "description": null
    },
    {
      "name": "Emma Mandle plátky blanšírované",
      "brand": "Emma",
      "product_url": "https://wolt.com/cs/cze/prague/venue/albert-vinohradska/emma-mandle-platky-blansirovane-itemid-64ca0b7cba162577de488bfd",
      "image_url": "https://imageproxy.wolt.com/menu/menu-images/63ad795db242366d1f818f36/b4e832ac-d995-11ef-90de-dad26f29a3ad_24254700.jpg",
      "categories": [
        "OVOCE A ZELENINA",
        "SUCHÉ PLODY"
      ],
      "prices": [
        {
          "store_name": "Albert",
          "price": 29.9,
          "original_price": null,
          "unit_price": 299.0,
          "unit": "Kg",
          "package_size": "100 g",
          "condition": null
        }
      ],
      "description": null
    },
    {
      "name": "Colgate Max Fresh Cool Crystals zubní pasta",
      "brand": "Colgate",
      "product_url": "https://wolt.com/cs/cze/prague/venue/albert-vinohradska/colgate-max-fresh-cool-crystals-zubni-pasta-itemid-64ca0b7cba162577de489d0c",
      "image_url": "https://imageproxy.wolt.com/menu/menu-images/63ad795db242366d1f818f36/758a59a6-bbe4-11ef-8a76-8ac36a1e21cf_25443936.jpg",
      "categories": [
        "DROGERIE A KOSMETIKA",
        "ÚSTNÍ HYGIENA"
      ],
      "prices": [
        {
          "store_name": "Albert",
          "price": 62.9,
          "original_price": null,
          "unit_price": 838.67,
          "unit": "l",
          "package_size": "75 ml",
          "condition": null
        }
      ],
      "description": null
    },
    {
      "name": "Nature's Promise Jogurt kozí bílý",
      "brand": "Nature's Promise",
      "product_url": "https://wolt.com/cs/cze/prague/venue/albert-vinohradska/nature-s-promise-jogurt-kozi-bily-itemid-64ca0b7cba162577de4891ad",
      "image_url": "https://imageproxy.wolt.com/menu/menu-images/63ad795db242366d1f818f36/1b789950-ed44-11ef-8ae1-724c2cc339d8_27080290.jpg",
      "categories": [
        "MLÉČNÉ A CHLAZENÉ",
        "JOGURTY A DEZERTY"
      ],
      "prices": [
        {
          "store_name": "Albert",
          "price": null,
          "original_price": null,
          "unit_price": 152.67,
          "unit": "Kg",
          "package_size": "150 g",
          "condition": "Sleva"
        }
      ],
      "description": null
    },
    {
      "name": "Sommelier Collection Primitivo Puglia IGT",
      "brand": "Sommelier",
      "product_url": "https://wolt.com/cs/cze/prague/venue/albert-vinohradska/sommelier-collection-primitivo-puglia-igt-itemid-64ca0b7cba162577de489773",
      "image_url": "https://imageproxy.wolt.com/menu/menu-images/64ffec4406cca0140dfab831/2a03d296-8ec7-11ee-9853-22ab4de1c557_27644522.jpg",
      "categories": [
        "NÁPOJE",
        "VÍNA"
      ],
      "prices": [
        {
          "store_name": "Albert",
          "price": 179.0,
          "original_price": null,
          "unit_price": 238.67,
          "unit": "l",
          "package_size": "750 ml, 13% alc",
          "condition": "18+"
        }
      ],
      "description": null
    },
    {
      "name": "Franz Josef Kaiser Rajčatová omáčka Basilico",
      "brand": "Franz Josef Kaiser",
      "product_url": "https://wolt.com/cs/cze/prague/venue/albert-vinohradska/franz-josef-kaiser-rajcatova-omacka-basilico-itemid-64ca0b7cba162577de48a041",
      "image_url": "https://imageproxy.wolt.com/menu/menu-images/64ffec4406cca0140dfab831/2c4b2bc4-8eba-11ee-932d-e6fbf8d3c3b0_26581835.jpg",
      "categories": [
        "TRVANLIVÉ",
        "KEČUPY A HOŘČICE"
      ],
      "prices": [
        {
          "store_name": "Albert",
          "price": 73.9,
          "original_price": null,
          "unit_price": 199.73,
          "unit": "l",
          "package_size": "370 ml",
          "condition": null
        }
      ],
      "description": null
    },
    {
      "name": "Davidoff Gold",
      "brand": "Davidoff",
      "product_url": "https://wolt.com/cs/cze/prague/venue/albert-vinohradska/davidoff-gold-itemid-64ca0b7cba162577de488c23",
      "image_url": "https://imageproxy.wolt.com/menu/menu-images/64ffec4406cca0140dfab831/cf866fec-8eb0-11ee-9d79-166df9adf1b7_24029278.jpg",
      "categories": [
        "DOMÁCNOST A ZAHRADA",
        "CIGARETY"
      ],
      "prices": [
        {
          "store_name": "Albert",
          "price": 175.0,
          "original_price": null,
          "unit_price": 175.0,
          "unit": "ks",
          "package_size": "‪1‬ kus",
          "condition": "18+, Vyprodáno"
        }
      ],
      "description": null
    },
    {
      "name": "Efko Dětské kukuřičky",
      "brand": "Efko",
      "product_url": "https://wolt.com/cs/cze/prague/venue/albert-vinohradska/efko-detske-kukuricky-itemid-657233256818b938df948635",
      "image_url": "https://imageproxy.wolt.com/menu/menu-images/64ffec4406cca0140dfab831/fbf126e2-8eb2-11ee-90e2-eadf6ce36c9d_24930215.jpg",
      "categories": [
        "TRVANLIVÉ",
        "KONZERVOVANÉ POTR."
      ],
      "prices": [
        {
          "store_name": "Albert",
          "price": 83.9,
          "original_price": null,
          "unit_price": 441.58,
          "unit": "Kg",
          "package_size": "190 g",
          "condition": null
        }
      ],
      "description": null
    },
    {
      "name": "Alpro Sójový nápoj",
      "brand": "Alpro",
      "product_url": "https://wolt.com/cs/cze/prague/venue/albert-vinohradska/alpro-sojovy-napoj-itemid-64ca0b7cba162577de488bc7",
      "image_url": "https://imageproxy.wolt.com/menu/menu-images/63ad795db242366d1f818f36/9dd6ef04-df7c-11ee-bc10-f26859c2533e_24534109.jpg",
      "categories": [
        "MLÉČNÉ A CHLAZENÉ",
        "ROSTLINNÉ PRODUKTY"
      ],
      "prices": [
        {
          "store_name": "Albert",
          "price": 77.9,
          "original_price": null,
          "unit_price": 77.9,
          "unit": "l",
          "package_size": "1 l",
          "condition": null
        }
      ],
      "description": null
    },
    {
      "name": "Volfas Engelman APA",
      "brand": "Volfas",
      "product_url": "https://wolt.com/cs/cze/prague/venue/albert-vinohradska/volfas-engelman-apa-itemid-657233256818b938df948587",
      "image_url": "https://imageproxy.wolt.com/menu/menu-images/64ffec4406cca0140dfab831/bcf046a2-8ebd-11ee-8d0f-fea1896da317_26964317.jpg",
      "categories": [
        "NÁPOJE",
        "PIVA"
      ],
      "prices": [
        {
          "store_name": "Albert",
          "price": 41.9,
          "original_price": null,
          "unit_price": 73.77,
          "unit": "l",
          "package_size": "568 ml, 5% alc",
          "condition": "18+"
        }
      ],
      "description": null
    },
    {
      "name": "Pantene Pro-V Intenzivní regenerační šampon",
      "brand": "Pantene",
      "product_url": "https://wolt.com/cs/cze/prague/venue/albert-vinohradska/pantene-pro-v-intenzivni-regeneracni-sampon-itemid-66021adc7a956136425f39f4",
      "image_url": "https://imageproxy.wolt.com/menu/menu-images/63ad795db242366d1f818f36/f3b9d842-9795-11ef-9098-3219f6b78c24_27351727.jpg",
      "categories": [
        "DROGERIE A KOSMETIKA",
        "PÉČE O VLASY"
      ],
      "prices": [
        {
          "store_name": "Albert",
          "price": 259.0,
          "original_price": null,
          "unit_price": 259.0,
          "unit": "l",
          "package_size": "1 l",
          "condition": null
        }
      ],
      "description": null
    },
    {
      "name": "Elegance Sauvignon",
      "brand": "Elegance",
      "product_url": "https://wolt.com/cs/cze/prague/venue/albert-vinohradska/elegance-sauvignon-itemid-657233256818b938df947f36",
      "image_url": "https://imageproxy.wolt.com/menu/menu-images/64ffec4406cca0140dfab831/42eba29e-8eb7-11ee-87f5-4ac825cfc539_25922868.jpg",
      "categories": [
        "NÁPOJE",
        "VÍNA"
      ],
      "prices": [
        {
          "store_name": "Albert",
          "price": 99.9,
          "original_price": null,
          "unit_price": 133.2,
          "unit": "l",
          "package_size": "750 ml, 11,5% alc",
          "condition": "18+"
        }
      ],
      "description": null
    },
    {
      "name": "Caprio multivitamín",
      "brand": "Caprio",
      "product_url": "https://wolt.com/cs/cze/prague/venue/albert-vinohradska/caprio-multivitamin-itemid-64ca0b7cba162577de489776",
      "image_url": "https://imageproxy.wolt.com/menu/menu-images/64ffec4406cca0140dfab831/a53b3b1e-8eb0-11ee-a4ea-662d260bbeaa_23904231.jpg",
      "categories": [
        "NÁPOJE",
        "DŽUSY A NEKTARY"
      ],
      "prices": [
        {
          "store_name": "Albert",
          "price": 49.9,
          "original_price": null,
          "unit_price": 24.95,
          "unit": "l",
          "package_size": "2 l",
          "condition": null
        }
      ],
      "description": null
    },
    {
      "name": "Nature's Promise Bio Chléb proteinový",
      "brand": "Nature's Promise",
      "product_url": "https://wolt.com/cs/cze/prague/venue/albert-vinohradska/nature-s-promise-bio-chleb-proteinovy-itemid-64ca0b7cba162577de489ae7",
      "image_url": "https://imageproxy.wolt.com/menu/menu-images/63ad795db242366d1f818f36/2f7d4f0e-bbe4-11ef-8969-ea9d0db48b93_27320259.jpg",
      "categories": [
        "PEKÁRNA A CUKRÁRNA",
        "CHLÉB BALENÝ"
      ],
      "prices": [
        {
          "store_name": "Albert",
          "price": 79.9,
          "original_price": null,
          "unit_price": 213.07,
          "unit": "Kg",
          "package_size": "375 g",
          "condition": null
        }
      ],
      "description": null
    },
    {
      "name": "Tiger Classic energy energetický nápoj",
      "brand": "Tiger",
      "product_url": "https://wolt.com/cs/cze/prague/venue/albert-vinohradska/tiger-classic-energy-energeticky-napoj-itemid-64ca0b7cba162577de489a30",
      "image_url": "https://imageproxy.wolt.com/menu/menu-images/64ffec4406cca0140dfab831/a58a7366-8eb8-11ee-a181-e2efa80c37b6_26179117.jpg",
      "categories": [
        "NÁPOJE",
        "ENERGY NÁPOJE"
      ],
      "prices": [
        {
          "store_name": "Albert",
          "price": 16.9,
          "original_price": null,
          "unit_price": 33.8,
          "unit": "l",
          "package_size": "500 ml",
          "condition": null
        }
      ],
      "description": null
    },
    {
      "name": "Dr. Oetker Jedlá soda",
      "brand": "Dr. Oetker",
      "product_url": "https://wolt.com/cs/cze/prague/venue/albert-vinohradska/dr-oetker-jedla-soda-itemid-64ca0b7cba162577de48951c",
      "image_url": "https://imageproxy.wolt.com/menu/menu-images/63ad795db242366d1f818f36/f6431bda-a8e9-11f0-8a58-364ebb6da15b_22980519.jpg",
      "categories": [
        "TRVANLIVÉ",
        "PEČENÍ A VAŘENÍ"
      ],
      "prices": [
        {
          "store_name": "Albert",
          "price": 6.9,
          "original_price": null,
          "unit_price": 460.0,
          "unit": "Kg",
          "package_size": "15 g",
          "condition": null
        }
      ],
      "description": null
    },
    {
      "name": "Felix Fantastic výběr mix",
      "brand": "Felix",
      "product_url": "https://wolt.com/cs/cze/prague/venue/albert-vinohradska/felix-fantastic-vyber-mix-itemid-64ca0b7cba162577de488c81",
      "image_url": "https://imageproxy.wolt.com/menu/menu-images/64ffec4406cca0140dfab831/772fecde-8ec3-11ee-a674-8a641e6c096e_27383346.jpg",
      "categories": [
        "ZVÍŘATA",
        "KOČKY"
      ],
      "prices": [
        {
          "store_name": "Albert",
          "price": 129.9,
          "original_price": null,
          "unit_price": 127.35,
          "unit": "Kg",
          "package_size": "1,02 kg",
          "condition": null
        }
      ],
      "description": null
    },
    {
      "name": "Nature's Promise Bio Bujón zeleninový",
      "brand": "Nature's Promise",
      "product_url": "https://wolt.com/cs/cze/prague/venue/albert-vinohradska/nature-s-promise-bio-bujon-zeleninovy-itemid-64ca0b7cba162577de488d91",
      "image_url": "https://imageproxy.wolt.com/menu/menu-images/64ffec4406cca0140dfab831/22b32cfe-8ec1-11ee-a44c-22bb34ae47e9_27219355.jpg",
      "categories": [
        "TRVANLIVÉ",
        "KOŘENÍ A OCHUCOVADLA"
      ],
      "prices": [
        {
          "store_name": "Albert",
          "price": null,
          "original_price": null,
          "unit_price": 362.12,
          "unit": "Kg",
          "package_size": "66 g",
          "condition": "Sleva"
        }
      ],
      "description": null
    },
    {
      "name": "Colgate Advanced White Charcoal zubní pasta",
      "brand": "Colgate",
      "product_url": "https://wolt.com/cs/cze/prague/venue/albert-vinohradska/colgate-advanced-white-charcoal-zubni-pasta-itemid-64ca0b7cba162577de489ab3",
      "image_url": "https://imageproxy.wolt.com/menu/menu-images/64ffec4406cca0140dfab831/a0a11f3c-8ec0-11ee-965c-cae320ae1b7e_27190050.jpg",
      "categories": [
        "DROGERIE A KOSMETIKA",
        "ÚSTNÍ HYGIENA"
      ],
      "prices": [
        {
          "store_name": "Albert",
          "price": 62.9,
          "original_price": null,
          "unit_price": 838.67,
          "unit": "l",
          "package_size": "75 ml",
          "condition": null
        }
      ],
      "description": null
    },
    {
      "name": "Capri-Sun Fun Alarm",
      "brand": "Capri-Sun",
      "product_url": "https://wolt.com/cs/cze/prague/venue/albert-vinohradska/capri-sun-fun-alarm-itemid-64ca0b7cba162577de4891d8",
      "image_url": "https://imageproxy.wolt.com/menu/menu-images/64ffec4406cca0140dfab831/ef1c347c-8eb5-11ee-bb49-f6f59196df47_25659580.jpg",
      "categories": [
        "NÁPOJE",
        "DŽUSY A NEKTARY"
      ],
      "prices": [
        {
          "store_name": "Albert",
          "price": 13.9,
          "original_price": null,
          "unit_price": 69.5,
          "unit": "l",
          "package_size": "200 ml",
          "condition": null
        }
      ],
      "description": null
    },
    {
      "name": "Land-Leben Celestýnské nudle",
      "brand": "Land-Leben",
      "product_url": "https://wolt.com/cs/cze/prague/venue/albert-vinohradska/land-leben-celestynske-nudle-itemid-6601f32f7a956136425d2679",
      "image_url": "https://imageproxy.wolt.com/menu/menu-images/6601c613e48d1c8d95333085/1afa80b6-eae2-11ee-8c3b-4aedea41cff8_20680640.jpg",
      "categories": [
        "TRVANLIVÉ",
        "TĚSTOVINY A KUSKUS"
      ],
      "prices": [
        {
          "store_name": "Albert",
          "price": 31.9,
          "original_price": null,
          "unit_price": 319.0,
          "unit": "Kg",
          "package_size": "100 g",
          "condition": null
        }
      ],
      "description": null
    },
    {
      "name": "Tuňáková pomazánka",
      "brand": "Tuňáková",
      "product_url": "https://wolt.com/cs/cze/prague/venue/albert-vinohradska/tunakova-pomazanka-itemid-64ca0b7cba162577de4880a3",
      "image_url": "https://imageproxy.wolt.com/menu/menu-images/64ffec4406cca0140dfab831/ef8f8012-8eb0-11ee-955c-8e50ebf9f3ec_24140348.jpg",
      "categories": [
        "UZENINY A LAHŮDKY",
        "RYBÍ SPECIALITY"
      ],
      "prices": [
        {
          "store_name": "Albert",
          "price": 37.9,
          "original_price": null,
          "unit_price": 280.74,
          "unit": "Kg",
          "package_size": "135 g",
          "condition": null
        }
      ],
      "description": null
    },
    {
      "name": "Emma Pistácie pražené solené",
      "brand": "Emma",
      "product_url": "https://wolt.com/cs/cze/prague/venue/albert-vinohradska/emma-pistacie-prazene-solene-itemid-64ca0b7cba162577de48944a",
      "image_url": "https://imageproxy.wolt.com/menu/menu-images/63ad795db242366d1f818f36/4acad930-7826-11f0-a1b7-42aad35cbbe6_26872162.jpg",
      "categories": [
        "TRVANLIVÉ",
        "SLANÉ"
      ],
      "prices": [
        {
          "store_name": "Albert",
          "price": 119.9,
          "original_price": null,
          "unit_price": 479.6,
          "unit": "Kg",
          "package_size": "250 g",
          "condition": null
        }
      ],
      "description": null
    },
    {
      "name": "Nestlé Lion White Tyčinka",
      "brand": "Nestlé",
      "product_url": "https://wolt.com/cs/cze/prague/venue/albert-vinohradska/nestle-lion-white-tycinka-itemid-6601ffaf6be4fc8581515be8",
      "image_url": "https://imageproxy.wolt.com/menu/menu-images/6601c613e48d1c8d95333085/d8351cb6-eae4-11ee-9822-7af12948c363_27715390.jpg",
      "categories": [
        "TRVANLIVÉ",
        "SLADKOSTI"
      ],
      "prices": [
        {
          "store_name": "Albert",
          "price": 14.9,
          "original_price": null,
          "unit_price": 354.76,
          "unit": "Kg",
          "package_size": "42 g",
          "condition": null
        }
      ],
      "description": null
    },
    {
      "name": "Pepsi Cola",
      "brand": "Pepsi",
      "product_url": "https://wolt.com/cs/cze/prague/venue/albert-vinohradska/pepsi-cola-itemid-64ca0b7cba162577de489eae",
      "image_url": "https://imageproxy.wolt.com/menu/menu-images/63ad795db242366d1f818f36/3fcf970e-e818-11ee-a33a-0abacf7ba7f5_20417888.jpg",
      "categories": [
        "NÁPOJE",
        "LIMONÁDY"
      ],
      "prices": [
        {
          "store_name": "Albert",
          "price": 28.9,
          "original_price": null,
          "unit_price": 57.8,
          "unit": "l",
          "package_size": "500 ml",
          "condition": null
        }
      ],
      "description": null
    },
    {
      "name": "Cassonade Turbinado Cukr třtinový krystal",
      "brand": "Cassonade",
      "product_url": "https://wolt.com/cs/cze/prague/venue/albert-vinohradska/cassonade-turbinado-cukr-trtinovy-krystal-itemid-64ca0b7cba162577de489466",
      "image_url": "https://imageproxy.wolt.com/menu/menu-images/64ffec4406cca0140dfab831/7512e0ac-8ec1-11ee-a47a-6aec994b6205_27248874.jpg",
      "categories": [
        "TRVANLIVÉ",
        "PEČENÍ A VAŘENÍ"
      ],
      "prices": [
        {
          "store_name": "Albert",
          "price": 41.9,
          "original_price": null,
          "unit_price": 104.75,
          "unit": "Kg",
          "package_size": "400 g",
          "condition": null
        }
      ],
      "description": null
    },
    {
      "name": "Physalis",
      "brand": "Physalis",
      "product_url": "https://wolt.com/cs/cze/prague/venue/albert-vinohradska/physalis-itemid-6601f46bc1c7d7bafa1ea0c5",
      "image_url": "https://imageproxy.wolt.com/menu/menu-images/6601c613e48d1c8d95333085/0e4569ee-eae2-11ee-ac1b-767946bf8e19_20443627.jpg",
      "categories": [
        "OVOCE A ZELENINA",
        "OVOCE"
      ],
      "prices": [
        {
          "store_name": "Albert",
          "price": 34.9,
          "original_price": null,
          "unit_price": 349.0,
          "unit": "Kg",
          "package_size": "100 g",
          "condition": null
        }
      ],
      "description": null
    },
    {
      "name": "Stella Extra bez laktózy",
      "brand": "Stella",
      "product_url": "https://wolt.com/cs/cze/prague/venue/albert-vinohradska/stella-extra-bez-laktozy-itemid-64ca0b7cba162577de48984b",
      "image_url": "https://imageproxy.wolt.com/menu/menu-images/64ffec4406cca0140dfab831/e29574b6-8ec4-11ee-a3c8-a69629e9844e_27500668.jpg",
      "categories": [
        "MLÉČNÉ A CHLAZENÉ",
        "MÁSLO A TUKY"
      ],
      "prices": [
        {
          "store_name": "Albert",
          "price": 41.9,
          "original_price": null,
          "unit_price": 167.6,
          "unit": "Kg",
          "package_size": "250 g",
          "condition": null
        }
      ],
      "description": null
    },
    {
      "name": "Otma Kečup jemný",
      "brand": "Otma",
      "product_url": "https://wolt.com/cs/cze/prague/venue/albert-vinohradska/otma-kecup-jemny-itemid-64ca0b7cba162577de489759",
      "image_url": "https://imageproxy.wolt.com/menu/menu-images/64ffec4406cca0140dfab831/eca5bc74-8ebd-11ee-bae2-0e9fc0f27358_26976242.jpg",
      "categories": [
        "TRVANLIVÉ",
        "KEČUPY A HOŘČICE"
      ],
      "prices": [
        {
          "store_name": "Albert",
          "price": 72.9,
          "original_price": null,
          "unit_price": 140.19,
          "unit": "Kg",
          "package_size": "520 g",
          "condition": null
        }
      ],
      "description": null
    },
    {
      "name": "Surimi tyčinky rybí tyčinky",
      "brand": "Surimi",
      "product_url": "https://wolt.com/cs/cze/prague/venue/albert-vinohradska/surimi-tycinky-rybi-tycinky-itemid-64ca0b7cba162577de489417",
      "image_url": "https://imageproxy.wolt.com/menu/menu-images/64ffec4406cca0140dfab831/ef9046dc-8eb0-11ee-9928-8e50ebf9f3ec_24141017.jpg",
      "categories": [
        "UZENINY A LAHŮDKY",
        "RYBÍ SPECIALITY"
      ],
      "prices": [
        {
          "store_name": "Albert",
          "price": 26.9,
          "original_price": null,
          "unit_price": 269.0,
          "unit": "Kg",
          "package_size": "100 g",
          "condition": null
        }
      ],
      "description": null
    },
    {
      "name": "Michelské Pekárny Křehké plátky kukuřičné",
      "brand": "Michelské",
      "product_url": "https://wolt.com/cs/cze/prague/venue/albert-vinohradska/michelske-pekarny-krehke-platky-kukuricne-itemid-64ca0b7cba162577de48816d",
      "image_url": "https://imageproxy.wolt.com/menu/menu-images/64ffec4406cca0140dfab831/3a1abe90-8eb5-11ee-a484-e2efa80c37b6_25522792.jpg",
      "categories": [
        "PEKÁRNA A CUKRÁRNA",
        "RACIO A KNÄCKEBROT"
      ],
      "prices": [
        {
          "store_name": "Albert",
          "price": 13.9,
          "original_price": null,
          "unit_price": 213.85,
          "unit": "Kg",
          "package_size": "65 g",
          "condition": null
        }
      ],
      "description": null
    },
    {
      "name": "Albert Raw Tyčinka s kokosem",
      "brand": "Albert",
      "product_url": "https://wolt.com/cs/cze/prague/venue/albert-vinohradska/albert-raw-tycinka-s-kokosem-itemid-64ca0b7cba162577de488937",
      "image_url": "https://imageproxy.wolt.com/menu/menu-images/64ffec4406cca0140dfab831/c9adbf9c-8ec1-11ee-8c97-22bb34ae47e9_27259993.jpg",
      "categories": [
        "TRVANLIVÉ",
        "MÜSLI A CEREÁLIE"
      ],
      "prices": [
        {
          "store_name": "Albert",
          "price": 16.9,
          "original_price": null,
          "unit_price": 338.0,
          "unit": "Kg",
          "package_size": "50 g",
          "condition": null
        }
      ],
      "description": null
    },
    {
      "name": "Head & Shoulders Classic Clean šampon proti lupům",
      "brand": "Head",
      "product_url": "https://wolt.com/cs/cze/prague/venue/albert-vinohradska/head-shoulders-classic-clean-sampon-proti-lupum-itemid-657233256818b938df947f34",
      "image_url": "https://imageproxy.wolt.com/menu/menu-images/63ad795db242366d1f818f36/0e134200-d671-11ee-901e-aadfaceebcc0_22527509.jpg",
      "categories": [
        "DROGERIE A KOSMETIKA",
        "PÉČE O VLASY"
      ],
      "prices": [
        {
          "store_name": "Albert",
          "price": 144.9,
          "original_price": null,
          "unit_price": 362.25,
          "unit": "l",
          "package_size": "400 ml",
          "condition": null
        }
      ],
      "description": null
    },
    {
      "name": "Božkov Bílý Kokos 30%",
      "brand": "Božkov",
      "product_url": "https://wolt.com/cs/cze/prague/venue/albert-vinohradska/bozkov-bily-kokos-30-itemid-64ca0b7cba162577de48985d",
      "image_url": "https://imageproxy.wolt.com/menu/menu-images/64ffec4406cca0140dfab831/cc1b1aa2-8ebe-11ee-99d3-9ec5d8563a7d_27059289.jpg",
      "categories": [
        "NÁPOJE",
        "LIHOVINY"
      ],
      "prices": [
        {
          "store_name": "Albert",
          "price": 149.9,
          "original_price": null,
          "unit_price": 299.8,
          "unit": "l",
          "package_size": "500 ml, 30% alc",
          "condition": "18+"
        }
      ],
      "description": null
    },
    {
      "name": "Vitana Špagety",
      "brand": "Vitana",
      "product_url": "https://wolt.com/cs/cze/prague/venue/albert-vinohradska/vitana-spagety-itemid-64ca0b7cba162577de4891ba",
      "image_url": "https://imageproxy.wolt.com/menu/menu-images/64ffec4406cca0140dfab831/d8738806-8eba-11ee-b0f4-76d8d681f910_26685281.jpg",
      "categories": [
        "TRVANLIVÉ",
        "KOŘENÍ A OCHUCOVADLA"
      ],
      "prices": [
        {
          "store_name": "Albert",
          "price": 15.9,
          "original_price": null,
          "unit_price": 691.3,
          "unit": "Kg",
          "package_size": "23 g",
          "condition": null
        }
      ],
      "description": null
    },
    {
      "name": "Albert Malináda",
      "brand": "Albert",
      "product_url": "https://wolt.com/cs/cze/prague/venue/albert-vinohradska/albert-malinada-itemid-64ca0b7cba162577de489767",
      "image_url": "https://imageproxy.wolt.com/menu/menu-images/63ad795db242366d1f818f36/d7c81040-0609-11ef-b94d-061d56338ba3_27729229.jpg",
      "categories": [
        "NÁPOJE",
        "DŽUSY A NEKTARY"
      ],
      "prices": [
        {
          "store_name": "Albert",
          "price": 39.9,
          "original_price": null,
          "unit_price": 99.75,
          "unit": "l",
          "package_size": "400 ml",
          "condition": null
        }
      ],
      "description": null
    },
    {
      "name": "Capri-Sun pomeranč",
      "brand": "Capri-Sun",
      "product_url": "https://wolt.com/cs/cze/prague/venue/albert-vinohradska/capri-sun-pomeranc-itemid-64ca0b7cba162577de4890d8",
      "image_url": "https://imageproxy.wolt.com/menu/menu-images/64ffec4406cca0140dfab831/51ed4356-8ead-11ee-be89-56164190c6db_20736354.jpg",
      "categories": [
        "NÁPOJE",
        "DŽUSY A NEKTARY"
      ],
      "prices": [
        {
          "store_name": "Albert",
          "price": 13.9,
          "original_price": null,
          "unit_price": 69.5,
          "unit": "l",
          "package_size": "200 ml",
          "condition": null
        }
      ],
      "description": null
    },
    {
      "name": "Milko Řecký jogurt 5 % tuku, bílý",
      "brand": "Milko",
      "product_url": "https://wolt.com/cs/cze/prague/venue/albert-vinohradska/milko-recky-jogurt-5-tuku-bily-itemid-64ca0b7cba162577de4890a8",
      "image_url": "https://imageproxy.wolt.com/menu/menu-images/64ffec4406cca0140dfab831/44e2f0d2-8eb9-11ee-a6c6-9e446d541704_26396590.jpg",
      "categories": [
        "MLÉČNÉ A CHLAZENÉ",
        "JOGURTY A DEZERTY"
      ],
      "prices": [
        {
          "store_name": "Albert",
          "price": 21.9,
          "original_price": null,
          "unit_price": 156.43,
          "unit": "Kg",
          "package_size": "140 g",
          "condition": null
        }
      ],
      "description": null
    },
    {
      "name": "Albert Coleslaw salát",
      "brand": "Albert",
      "product_url": "https://wolt.com/cs/cze/prague/venue/albert-vinohradska/albert-coleslaw-salat-itemid-64ca0b7cba162577de4886e9",
      "image_url": "https://imageproxy.wolt.com/menu/menu-images/64ffec4406cca0140dfab831/8c78d294-92e3-11ee-beee-a20d7a72d6b6_27293560.jpg",
      "categories": [
        "UZENINY A LAHŮDKY",
        "SALÁTY A POMAZÁNKY"
      ],
      "prices": [
        {
          "store_name": "Albert",
          "price": 16.5,
          "original_price": null,
          "unit_price": 110.0,
          "unit": "Kg",
          "package_size": "150 g",
          "condition": null
        }
      ],
      "description": null
    },
    {
      "name": "Česká chuť Mini párečky kuřecí",
      "brand": "Česká chuť",
      "product_url": "https://wolt.com/cs/cze/prague/venue/albert-vinohradska/ceska-chut-mini-parecky-kureci-itemid-64ca0b7cba162577de48828b",
      "image_url": "https://imageproxy.wolt.com/menu/menu-images/64ffec4406cca0140dfab831/fa514a6c-8ec4-11ee-8fba-0aca939bb6cd_27515440.jpg",
      "categories": [
        "UZENINY A LAHŮDKY",
        "PÁRKY A KLOBÁSY"
      ],
      "prices": [
        {
          "store_name": "Albert",
          "price": null,
          "original_price": null,
          "unit_price": 158.64,
          "unit": "Kg",
          "package_size": "220 g",
          "condition": "Sleva"
        }
      ],
      "description": null
    },
    {
      "name": "Emco Mysli na zdraví Ovesné sušenky čokoládové",
      "brand": "Emco",
      "product_url": "https://wolt.com/cs/cze/prague/venue/albert-vinohradska/emco-mysli-na-zdravi-ovesne-susenky-cokoladove-itemid-64ca0b7cba162577de489616",
      "image_url": "https://imageproxy.wolt.com/menu/menu-images/63ad795db242366d1f818f36/38204174-0b7d-11ef-add8-763622a046a0_23810419.jpg",
      "categories": [
        "TRVANLIVÉ",
        "SLADKOSTI"
      ],
      "prices": [
        {
          "store_name": "Albert",
          "price": 14.9,
          "original_price": null,
          "unit_price": 248.33,
          "unit": "Kg",
          "package_size": "60 g",
          "condition": null
        }
      ],
      "description": null
    },
    {
      "name": "Cute Baby Přebalovací podložka",
      "brand": "Cute Baby",
      "product_url": "https://wolt.com/cs/cze/prague/venue/albert-vinohradska/cute-baby-prebalovaci-podlozka-itemid-64ca0b7cba162577de488cef",
      "image_url": "https://imageproxy.wolt.com/menu/menu-images/63ad795db242366d1f818f36/b9d267f0-66af-11ef-a1b3-d22ed67da1df_25838770.jpg",
      "categories": [
        "DÍTĚ",
        "PLENY A PODLOŽKY"
      ],
      "prices": [
        {
          "store_name": "Albert",
          "price": 64.9,
          "original_price": null,
          "unit_price": 6.49,
          "unit": "ks",
          "package_size": "‪10‬ kusů",
          "condition": null
        }
      ],
      "description": null
    },
    {
      "name": "Croissant máslový",
      "brand": null,
      "product_url": "https://wolt.com/cs/cze/prague/venue/albert-vinohradska/croissant-maslovy-itemid-64ca0b7cba162577de488159",
      "image_url": "https://imageproxy.wolt.com/menu/menu-images/64ffec4406cca0140dfab831/0e27d4d0-8ec4-11ee-8e95-2254ad732fe4_27442418.jpg",
      "categories": [
        "PEKÁRNA A CUKRÁRNA",
        "SLADKÉ PEČIVO VOLNÉ"
      ],
      "prices": [
        {
          "store_name": "Albert",
          "price": 9.9,
          "original_price": null,
          "unit_price": 190.38,
          "unit": "Kg",
          "package_size": "52 g",
          "condition": null
        }
      ],
      "description": null
    },
    {
      "name": "Ben & Jerry's Peanut Butter Cup",
      "brand": "Ben & Jerry's",
      "product_url": "https://wolt.com/cs/cze/prague/venue/albert-vinohradska/ben-jerry-s-peanut-butter-cup-itemid-6876153a0c6218e9f3e5f453",
      "image_url": "https://imageproxy.wolt.com/menu/menu-images/64b62ec5e5ab70cdc92e30f0/0eb83104-616f-11f0-bb89-86955c674311_27249901.jpg",
      "categories": [
        "MRAŽENÉ POTRAVINY",
        "ZMRZLINA A NANUKY"
      ],
      "prices": [
        {
          "store_name": "Albert",
          "price": 243.0,
          "original_price": null,
          "unit_price": 522.58,
          "unit": "l",
          "package_size": "465 ml",
          "condition": null
        }
      ],
      "description": null
    },
    {
      "name": "Dr. Oetker Kypřicí prášek do pečiva",
      "brand": "Dr. Oetker",
      "product_url": "https://wolt.com/cs/cze/prague/venue/albert-vinohradska/dr-oetker-kyprici-prasek-do-peciva-itemid-64ca0b7cba162577de4891e6",
      "image_url": "https://imageproxy.wolt.com/menu/menu-images/63ad795db242366d1f818f36/e81daf02-a8e9-11f0-9b4f-5660483d790b_20304683.jpg",
      "categories": [
        "TRVANLIVÉ",
        "PEČENÍ A VAŘENÍ"
      ],
      "prices": [
        {
          "store_name": "Albert",
          "price": 5.9,
          "original_price": null,
          "unit_price": 491.67,
          "unit": "Kg",
          "package_size": "12 g",
          "condition": null
        }
      ],
      "description": null
    },
    {
      "name": "Albert Duetky s makovou náplní",
      "brand": "Albert",
      "product_url": "https://wolt.com/cs/cze/prague/venue/albert-vinohradska/albert-duetky-s-makovou-naplni-itemid-64ca0b7cba162577de4891de",
      "image_url": "https://imageproxy.wolt.com/menu/menu-images/64ffec4406cca0140dfab831/1592c858-8eb3-11ee-8880-e2efa80c37b6_24955485.jpg",
      "categories": [
        "PEKÁRNA A CUKRÁRNA",
        "SLADKÉ PEČIVO BALENÉ"
      ],
      "prices": [
        {
          "store_name": "Albert",
          "price": null,
          "original_price": null,
          "unit_price": 135.91,
          "unit": "Kg",
          "package_size": "220 g",
          "condition": "Sleva"
        }
      ],
      "description": null
    },
    {
      "name": "Mountain Dew Limonáda s příchutí citrusů",
      "brand": "Mountain",
      "product_url": "https://wolt.com/cs/cze/prague/venue/albert-vinohradska/mountain-dew-limonada-s-prichuti-citrusu-itemid-64ca0b7cba162577de489560",
      "image_url": "https://imageproxy.wolt.com/menu/menu-images/63ad795db242366d1f818f36/584ea248-e818-11ee-8c2f-96de309638ab_25865196.jpg",
      "categories": [
        "NÁPOJE",
        "LIMONÁDY"
      ],
      "prices": [
        {
          "store_name": "Albert",
          "price": 38.9,
          "original_price": null,
          "unit_price": 25.93,
          "unit": "l",
          "package_size": "1,5 l",
          "condition": null
        }
      ],
      "description": null
    },
    {
      "name": "Albert 100% Ovocná šťáva pomeranč s dužinou",
      "brand": "Albert",
      "product_url": "https://wolt.com/cs/cze/prague/venue/albert-vinohradska/albert-100-ovocna-stava-pomeranc-s-duzinou-itemid-64ca0b7cba162577de489b14",
      "image_url": "https://imageproxy.wolt.com/menu/menu-images/63ad795db242366d1f818f36/5fc4d0c4-0609-11ef-abf9-465f92d5e66c_27193815.jpg",
      "categories": [
        "NÁPOJE",
        "DŽUSY A NEKTARY"
      ],
      "prices": [
        {
          "store_name": "Albert",
          "price": null,
          "original_price": null,
          "unit_price": 139.5,
          "unit": "l",
          "package_size": "200 ml",
          "condition": "Sleva"
        }
      ],
      "description": null
    },
    {
      "name": "Albert Masová sekaná se sýrem",
      "brand": "Albert",
      "product_url": "https://wolt.com/cs/cze/prague/venue/albert-vinohradska/albert-masova-sekana-se-syrem-itemid-657233256818b938df9478b2",
      "image_url": "https://imageproxy.wolt.com/menu/menu-images/64ffec4406cca0140dfab831/6ff948aa-8eb6-11ee-845a-aa70cbf91f77_25752847.jpg",
      "categories": [
        "UZENINY A LAHŮDKY",
        "PAŠTIKY"
      ],
      "prices": [
        {
          "store_name": "Albert",
          "price": 43.9,
          "original_price": null,
          "unit_price": 87.8,
          "unit": "Kg",
          "package_size": "500 g",
          "condition": null
        }
      ],
      "description": null
    },
    {
      "name": "Radegast Ratar světlý ležák",
      "brand": "Radegast",
      "product_url": "https://wolt.com/cs/cze/prague/venue/albert-vinohradska/radegast-ratar-svetly-lezak-itemid-6601f665b815648367db48a5",
      "image_url": "https://imageproxy.wolt.com/menu/menu-images/6601c613e48d1c8d95333085/9f693d9e-eae5-11ee-95a6-aae3aea8b537_27852040.jpg",
      "categories": [
        "NÁPOJE",
        "PIVA"
      ],
      "prices": [
        {
          "store_name": "Albert",
          "price": 29.9,
          "original_price": null,
          "unit_price": 59.8,
          "unit": "l",
          "package_size": "500 ml, 4,5% alc",
          "condition": "18+"
        }
      ],
      "description": null
    },
    {
      "name": "Poděbradka Jemně perlivá pomerančová",
      "brand": "Poděbradka",
      "product_url": "https://wolt.com/cs/cze/prague/venue/albert-vinohradska/podebradka-jemne-perliva-pomerancova-itemid-64ca0b7cba162577de489510",
      "image_url": "https://imageproxy.wolt.com/menu/menu-images/63ad795db242366d1f818f36/d61d087e-7825-11f0-8de0-3af5a556beee_20871772.jpg",
      "categories": [
        "NÁPOJE",
        "VODY A MINERÁLKY"
      ],
      "prices": [
        {
          "store_name": "Albert",
          "price": 13.9,
          "original_price": null,
          "unit_price": 9.27,
          "unit": "l",
          "package_size": "1,5 l",
          "condition": null
        }
      ],
      "description": null
    },
    {
      "name": "Lovepet Lisované seno",
      "brand": "Lovepet",
      "product_url": "https://wolt.com/cs/cze/prague/venue/albert-vinohradska/lovepet-lisovane-seno-itemid-64ca0b7cba162577de488e75",
      "image_url": "https://imageproxy.wolt.com/menu/menu-images/64ffec4406cca0140dfab831/670a92c6-8ec5-11ee-9cba-6aec994b6205_27542255.jpg",
      "categories": [
        "ZVÍŘATA",
        "MALÁ ZVÍŘATA"
      ],
      "prices": [
        {
          "store_name": "Albert",
          "price": 33.9,
          "original_price": null,
          "unit_price": 84.75,
          "unit": "Kg",
          "package_size": "400 g",
          "condition": null
        }
      ],
      "description": null
    },
    {
      "name": "Alpro Sójový dezert broskev",
      "brand": "Alpro",
      "product_url": "https://wolt.com/cs/cze/prague/venue/albert-vinohradska/alpro-sojovy-dezert-broskev-itemid-64ca0b7cba162577de489231",
      "image_url": "https://imageproxy.wolt.com/menu/menu-images/64ffec4406cca0140dfab831/899148b0-8ebd-11ee-aefc-1299365deb04_26950754.jpg",
      "categories": [
        "MLÉČNÉ A CHLAZENÉ",
        "ROSTLINNÉ PRODUKTY"
      ],
      "prices": [
        {
          "store_name": "Albert",
          "price": 29.9,
          "original_price": null,
          "unit_price": 199.33,
          "unit": "Kg",
          "package_size": "150 g",
          "condition": null
        }
      ],
      "description": null
    },
    {
      "name": "Lindt Lindor Čokoláda mléčná s jemnou náplní",
      "brand": "Lindt",
      "product_url": "https://wolt.com/cs/cze/prague/venue/albert-vinohradska/lindt-lindor-cokolada-mlecna-s-jemnou-naplni-itemid-64ca0b7cba162577de48a4b3",
      "image_url": "https://imageproxy.wolt.com/menu/menu-images/64ffec4406cca0140dfab831/8af6a096-8ec3-11ee-8dd8-7639dadf697f_27386286.jpg",
      "categories": [
        "TRVANLIVÉ",
        "SLADKOSTI"
      ],
      "prices": [
        {
          "store_name": "Albert",
          "price": 99.9,
          "original_price": null,
          "unit_price": 999.0,
          "unit": "Kg",
          "package_size": "100 g",
          "condition": "Vyprodáno"
        }
      ],
      "description": null
    },
    {
      "name": "Purina One Sensitive bohaté na krůtu",
      "brand": "Purina",
      "product_url": "https://wolt.com/cs/cze/prague/venue/albert-vinohradska/purina-one-sensitive-bohate-na-krutu-itemid-657233256818b938df947f46",
      "image_url": "https://imageproxy.wolt.com/menu/menu-images/64ffec4406cca0140dfab831/251dbc00-8eb4-11ee-bcbf-ca3c3355ab39_25250053.jpg",
      "categories": [
        "ZVÍŘATA",
        "KOČKY"
      ],
      "prices": [
        {
          "store_name": "Albert",
          "price": 159.0,
          "original_price": null,
          "unit_price": 198.75,
          "unit": "Kg",
          "package_size": "800 g",
          "condition": null
        }
      ],
      "description": null
    },
    {
      "name": "Vitana Kmín celý",
      "brand": "Vitana",
      "product_url": "https://wolt.com/cs/cze/prague/venue/albert-vinohradska/vitana-kmin-cely-itemid-64ca0b7cba162577de489434",
      "image_url": "https://imageproxy.wolt.com/menu/menu-images/64ffec4406cca0140dfab831/c8dd142a-8eba-11ee-a17a-325d7328b531_26684901.jpg",
      "categories": [
        "TRVANLIVÉ",
        "KOŘENÍ A OCHUCOVADLA"
      ],
      "prices": [
        {
          "store_name": "Albert",
          "price": 19.9,
          "original_price": null,
          "unit_price": 710.71,
          "unit": "Kg",
          "package_size": "28 g",
          "condition": null
        }
      ],
      "description": null
    },
    {
      "name": "Nature's Promise Eco Kapesníky papírové",
      "brand": "Nature's Promise",
      "product_url": "https://wolt.com/cs/cze/prague/venue/albert-vinohradska/nature-s-promise-eco-kapesniky-papirove-itemid-651c841270556bf6d20d5842",
      "image_url": "https://imageproxy.wolt.com/menu/menu-images/63ad795db242366d1f818f36/1f9fadc0-bbe4-11ef-8002-d2d997c832d6_27499702.jpg",
      "categories": [
        "DROGERIE A KOSMETIKA",
        "PAPÍROVÁ HYGIENA"
      ],
      "prices": [
        {
          "store_name": "Albert",
          "price": null,
          "original_price": null,
          "unit_price": 2.29,
          "unit": "ks",
          "package_size": "‪10‬ kusů",
          "condition": "Sleva"
        }
      ],
      "description": null
    },
    {
      "name": "Bombus Raw Protein Tyčinka arašídové máslo",
      "brand": "Bombus",
      "product_url": "https://wolt.com/cs/cze/prague/venue/albert-vinohradska/bombus-raw-protein-tycinka-arasidove-maslo-itemid-64ca0b7cba162577de48994d",
      "image_url": "https://imageproxy.wolt.com/menu/menu-images/63ad795db242366d1f818f36/ba33f644-0608-11ef-9fff-46d3f4249ffb_26597768.jpg",
      "categories": [
        "TRVANLIVÉ",
        "MÜSLI A CEREÁLIE"
      ],
      "prices": [
        {
          "store_name": "Albert",
          "price": null,
          "original_price": null,
          "unit_price": 498.0,
          "unit": "Kg",
          "package_size": "50 g",
          "condition": "Sleva"
        }
      ],
      "description": null
    },
    {
      "name": "Emma Mák modrý",
      "brand": "Emma",
      "product_url": "https://wolt.com/cs/cze/prague/venue/albert-vinohradska/emma-mak-modry-itemid-64ca0b7cba162577de488af3",
      "image_url": "https://imageproxy.wolt.com/menu/menu-images/64ffec4406cca0140dfab831/1b026ca6-8ebf-11ee-b268-92f467c0c86c_27091142.jpg",
      "categories": [
        "OVOCE A ZELENINA",
        "SUCHÉ PLODY"
      ],
      "prices": [
        {
          "store_name": "Albert",
          "price": 37.9,
          "original_price": null,
          "unit_price": 189.5,
          "unit": "Kg",
          "package_size": "200 g",
          "condition": null
        }
      ],
      "description": null
    },
    {
      "name": "Giana Fazolový mix s cizrnou",
      "brand": "Giana",
      "product_url": "https://wolt.com/cs/cze/prague/venue/albert-vinohradska/giana-fazolovy-mix-s-cizrnou-itemid-64ca0b7cba162577de48816f",
      "image_url": "https://imageproxy.wolt.com/menu/menu-images/64ffec4406cca0140dfab831/8d6a99ac-8eb6-11ee-a4da-8e381a14ed80_25781861.jpg",
      "categories": [
        "TRVANLIVÉ",
        "KONZERVOVANÉ POTR."
      ],
      "prices": [
        {
          "store_name": "Albert",
          "price": 19.9,
          "original_price": null,
          "unit_price": 82.92,
          "unit": "Kg",
          "package_size": "240 g",
          "condition": null
        }
      ],
      "description": null
    },
    {
      "name": "Schauma Silver Reflex Šampón na vlasy",
      "brand": "Schauma",
      "product_url": "https://wolt.com/cs/cze/prague/venue/albert-vinohradska/schauma-silver-reflex-sampon-na-vlasy-itemid-657233256818b938df948289",
      "image_url": "https://imageproxy.wolt.com/menu/menu-images/64ffec4406cca0140dfab831/9ae6a904-8ec0-11ee-b815-5e8cfe3fa30b_27188958.jpg",
      "categories": [
        "DROGERIE A KOSMETIKA",
        "PÉČE O VLASY"
      ],
      "prices": [
        {
          "store_name": "Albert",
          "price": 109.9,
          "original_price": null,
          "unit_price": 314.0,
          "unit": "l",
          "package_size": "350 ml",
          "condition": null
        }
      ],
      "description": null
    },
    {
      "name": "Mlékárna Kunín Mléčná rýže višeň",
      "brand": "Mlékárna Kunín",
      "product_url": "https://wolt.com/cs/cze/prague/venue/albert-vinohradska/mlekarna-kunin-mlecna-ryze-visen-itemid-64ca0b7cba162577de489901",
      "image_url": "https://imageproxy.wolt.com/menu/menu-images/63ad795db242366d1f818f36/44681e44-e818-11ee-a096-0abacf7ba7f5_23564435.jpg",
      "categories": [
        "MLÉČNÉ A CHLAZENÉ",
        "JOGURTY A DEZERTY"
      ],
      "prices": [
        {
          "store_name": "Albert",
          "price": 25.9,
          "original_price": null,
          "unit_price": 148.0,
          "unit": "Kg",
          "package_size": "175 g",
          "condition": null
        }
      ],
      "description": null
    },
    {
      "name": "Ostravar Černá Barbora 13",
      "brand": "Ostravar",
      "product_url": "https://wolt.com/cs/cze/prague/venue/albert-vinohradska/ostravar-cerna-barbora-13-itemid-64ca0b7cba162577de489098",
      "image_url": "https://imageproxy.wolt.com/menu/menu-images/64ffec4406cca0140dfab831/5fea13e4-8ec6-11ee-8479-22ab4de1c557_27609606.jpg",
      "categories": [
        "NÁPOJE",
        "PIVA"
      ],
      "prices": [
        {
          "store_name": "Albert",
          "price": 25.9,
          "original_price": null,
          "unit_price": 51.8,
          "unit": "l",
          "package_size": "500 ml, 5,1% alc",
          "condition": "18+"
        }
      ],
      "description": null
    },
    {
      "name": "Krahulík Duo Poličan a Paprikáš krájený",
      "brand": "Krahulík",
      "product_url": "https://wolt.com/cs/cze/prague/venue/albert-vinohradska/krahulik-duo-polican-a-paprikas-krajeny-itemid-64ca0b7cba162577de4881e7",
      "image_url": "https://imageproxy.wolt.com/menu/menu-images/63ad795db242366d1f818f36/4e0bf7bc-d995-11ef-9d5d-9e398290e3f6_26117102.jpg",
      "categories": [
        "UZENINY A LAHŮDKY",
        "SALÁMY"
      ],
      "prices": [
        {
          "store_name": "Albert",
          "price": 45.9,
          "original_price": null,
          "unit_price": 612.0,
          "unit": "Kg",
          "package_size": "75 g",
          "condition": null
        }
      ],
      "description": null
    },
    {
      "name": "Blend-a-dent Complete fixační krém",
      "brand": "Blend-a-dent",
      "product_url": "https://wolt.com/cs/cze/prague/venue/albert-vinohradska/blend-a-dent-complete-fixacni-krem-itemid-657233256818b938df947e1e",
      "image_url": "https://imageproxy.wolt.com/menu/menu-images/63ad795db242366d1f818f36/c08c209a-f8ef-11ef-925f-8255f9ec1621_24739658.jpg",
      "categories": [
        "DROGERIE A KOSMETIKA",
        "ÚSTNÍ HYGIENA"
      ],
      "prices": [
        {
          "store_name": "Albert",
          "price": 99.9,
          "original_price": null,
          "unit_price": 2125.53,
          "unit": "Kg",
          "package_size": "47 g",
          "condition": "Vyprodáno"
        }
      ],
      "description": null
    },
    {
      "name": "Biosaurus Kukuřičný snack bez lepku sýr",
      "brand": "Biosaurus",
      "product_url": "https://wolt.com/cs/cze/prague/venue/albert-vinohradska/biosaurus-kukuricny-snack-bez-lepku-syr-itemid-64ca0b7cba162577de4884d5",
      "image_url": "https://imageproxy.wolt.com/menu/menu-images/64ffec4406cca0140dfab831/e790f5a0-8ebd-11ee-89be-8a353f7cfdbf_26976136.jpg",
      "categories": [
        "TRVANLIVÉ",
        "SLANÉ"
      ],
      "prices": [
        {
          "store_name": "Albert",
          "price": 29.9,
          "original_price": null,
          "unit_price": 598.0,
          "unit": "Kg",
          "package_size": "50 g",
          "condition": null
        }
      ],
      "description": null
    },
    {
      "name": "Président Maasdamer 45% plátky",
      "brand": "Président",
      "product_url": "https://wolt.com/cs/cze/prague/venue/albert-vinohradska/president-maasdamer-45-platky-itemid-64ca0b7cba162577de489b3b",
      "image_url": "https://imageproxy.wolt.com/menu/menu-images/64ffec4406cca0140dfab831/5cc7baf8-8eb3-11ee-a6d8-1ec840397d06_25022216.jpg",
      "categories": [
        "MLÉČNÉ A CHLAZENÉ",
        "SÝRY"
      ],
      "prices": [
        {
          "store_name": "Albert",
          "price": null,
          "original_price": null,
          "unit_price": 359.0,
          "unit": "Kg",
          "package_size": "100 g",
          "condition": "Sleva, Vyprodáno"
        }
      ],
      "description": null
    },
    {
      "name": "Pickwick Bylinný čaj nos a krk",
      "brand": "Pickwick",
      "product_url": "https://wolt.com/cs/cze/prague/venue/albert-vinohradska/pickwick-bylinny-caj-nos-a-krk-itemid-64ca0b7cba162577de488bcd",
      "image_url": "https://imageproxy.wolt.com/menu/menu-images/64ffec4406cca0140dfab831/9ff5c662-8eb8-11ee-83ef-b6ff72c7a500_26175553.jpg",
      "categories": [
        "NÁPOJE",
        "KÁVA A ČAJ"
      ],
      "prices": [
        {
          "store_name": "Albert",
          "price": 32.9,
          "original_price": null,
          "unit_price": 1645.0,
          "unit": "Kg",
          "package_size": "20 g",
          "condition": null
        }
      ],
      "description": null
    },
    {
      "name": "Hamé Májka lahůdkový vepřový krém",
      "brand": "Hamé",
      "product_url": "https://wolt.com/cs/cze/prague/venue/albert-vinohradska/hame-majka-lahudkovy-veprovy-krem-itemid-657233256818b938df947cd2",
      "image_url": "https://imageproxy.wolt.com/menu/menu-images/64ffec4406cca0140dfab831/7ed7a712-8ead-11ee-838a-66832535a71f_20787349.jpg",
      "categories": [
        "TRVANLIVÉ",
        "KONZERVOVANÉ POTR."
      ],
      "prices": [
        {
          "store_name": "Albert",
          "price": 47.9,
          "original_price": null,
          "unit_price": 399.17,
          "unit": "Kg",
          "package_size": "120 g",
          "condition": null
        }
      ],
      "description": null
    },
    {
      "name": "Odol Stoma Paradentol ústní voda",
      "brand": "Odol",
      "product_url": "https://wolt.com/cs/cze/prague/venue/albert-vinohradska/odol-stoma-paradentol-ustni-voda-itemid-64ca0b7cba162577de488d77",
      "image_url": "https://imageproxy.wolt.com/menu/menu-images/63ad795db242366d1f818f36/71f1afd4-0608-11ef-adb8-16d21d607294_25851526.jpg",
      "categories": [
        "DROGERIE A KOSMETIKA",
        "ÚSTNÍ HYGIENA"
      ],
      "prices": [
        {
          "store_name": "Albert",
          "price": 99.9,
          "original_price": null,
          "unit_price": 199.8,
          "unit": "l",
          "package_size": "500 ml",
          "condition": null
        }
      ],
      "description": null
    },
    {
      "name": "Havana Club 3 Años 37,5%",
      "brand": "Havana",
      "product_url": "https://wolt.com/cs/cze/prague/venue/albert-vinohradska/havana-club-3-anos-37-5-itemid-64ca0b7cba162577de48a404",
      "image_url": "https://imageproxy.wolt.com/menu/menu-images/64ffec4406cca0140dfab831/d1158a5c-8ec2-11ee-ba19-66f80a096b2a_27327883.jpg",
      "categories": [
        "NÁPOJE",
        "LIHOVINY"
      ],
      "prices": [
        {
          "store_name": "Albert",
          "price": 469.0,
          "original_price": null,
          "unit_price": 670.0,
          "unit": "l",
          "package_size": "700 ml, 37,5% alc",
          "condition": "18+"
        }
      ],
      "description": null
    },
    {
      "name": "Madeta Sýr na pánev bylinky",
      "brand": "Madeta",
      "product_url": "https://wolt.com/cs/cze/prague/venue/albert-vinohradska/madeta-syr-na-panev-bylinky-itemid-64ca0b7cba162577de4888b9",
      "image_url": "https://imageproxy.wolt.com/menu/menu-images/64ffec4406cca0140dfab831/204f875c-8ec4-11ee-abd7-86f1953ceff6_27449073.jpg",
      "categories": [
        "MLÉČNÉ A CHLAZENÉ",
        "SÝRY"
      ],
      "prices": [
        {
          "store_name": "Albert",
          "price": 39.9,
          "original_price": null,
          "unit_price": 399.0,
          "unit": "Kg",
          "package_size": "100 g",
          "condition": null
        }
      ],
      "description": null
    },
    {
      "name": "Rio Mare Insalatissime zelenina a tuňák",
      "brand": "Rio Mare",
      "product_url": "https://wolt.com/cs/cze/prague/venue/albert-vinohradska/rio-mare-insalatissime-zelenina-a-tunak-itemid-64ca0b7cba162577de488a4f",
      "image_url": "https://imageproxy.wolt.com/menu/menu-images/63ad795db242366d1f818f36/4c33aeb8-c471-11f0-8baf-a2b29a27bdc6_23900844.jpg",
      "categories": [
        "TRVANLIVÉ",
        "KONZERVOVANÉ POTR."
      ],
      "prices": [
        {
          "store_name": "Albert",
          "price": 99.9,
          "original_price": null,
          "unit_price": 624.38,
          "unit": "Kg",
          "package_size": "160 g",
          "condition": null
        }
      ],
      "description": null
    },
    {
      "name": "Česká chuť Hermelínová pomazánka",
      "brand": "Česká chuť",
      "product_url": "https://wolt.com/cs/cze/prague/venue/albert-vinohradska/ceska-chut-hermelinova-pomazanka-itemid-64ca0b7cba162577de488229",
      "image_url": "https://imageproxy.wolt.com/menu/menu-images/63ad795db242366d1f818f36/77807a48-3213-11ef-a4e0-4637f792261b_26830964.jpg",
      "categories": [
        "UZENINY A LAHŮDKY",
        "SALÁTY A POMAZÁNKY"
      ],
      "prices": [
        {
          "store_name": "Albert",
          "price": null,
          "original_price": null,
          "unit_price": 160.67,
          "unit": "Kg",
          "package_size": "150 g",
          "condition": "Sleva"
        }
      ],
      "description": null
    },
    {
      "name": "Krahulík Vysočina fit krájená",
      "brand": "Krahulík",
      "product_url": "https://wolt.com/cs/cze/prague/venue/albert-vinohradska/krahulik-vysocina-fit-krajena-itemid-657233256818b938df9478cc",
      "image_url": "https://imageproxy.wolt.com/menu/menu-images/63ad795db242366d1f818f36/9fdeac74-d995-11ef-8ba0-6e59c5948762_24948623.jpg",
      "categories": [
        "UZENINY A LAHŮDKY",
        "SALÁMY"
      ],
      "prices": [
        {
          "store_name": "Albert",
          "price": 42.9,
          "original_price": null,
          "unit_price": 429.0,
          "unit": "Kg",
          "package_size": "100 g",
          "condition": null
        }
      ],
      "description": null
    },
    {
      "name": "Pfanner Jahodový nápoj",
      "brand": "Pfanner",
      "product_url": "https://wolt.com/cs/cze/prague/venue/albert-vinohradska/pfanner-jahodovy-napoj-itemid-657233256818b938df948a81",
      "image_url": "https://imageproxy.wolt.com/menu/menu-images/63ad795db242366d1f818f36/3b588b54-4e4d-11ef-8fa1-163e57fb1b77_25142969.jpg",
      "categories": [
        "NÁPOJE",
        "DŽUSY A NEKTARY"
      ],
      "prices": [
        {
          "store_name": "Albert",
          "price": 39.9,
          "original_price": null,
          "unit_price": 39.9,
          "unit": "l",
          "package_size": "1 l",
          "condition": null
        }
      ],
      "description": null
    },
    {
      "name": "Albert Krolewski 45% plátky",
      "brand": "Albert",
      "product_url": "https://wolt.com/cs/cze/prague/venue/albert-vinohradska/albert-krolewski-45-platky-itemid-64ca0b7cba162577de4885f3",
      "image_url": "https://imageproxy.wolt.com/menu/menu-images/64ffec4406cca0140dfab831/81ac989c-8ebe-11ee-9796-1299365deb04_27035436.jpg",
      "categories": [
        "MLÉČNÉ A CHLAZENÉ",
        "SÝRY"
      ],
      "prices": [
        {
          "store_name": "Albert",
          "price": 47.9,
          "original_price": null,
          "unit_price": 319.33,
          "unit": "Kg",
          "package_size": "150 g",
          "condition": null
        }
      ],
      "description": null
    },
    {
      "name": "Always Ultra Secure Night vložky s křidélky",
      "brand": "Always",
      "product_url": "https://wolt.com/cs/cze/prague/venue/albert-vinohradska/always-ultra-secure-night-vlozky-skridelky-itemid-64ca0b7cba162577de488ed5",
      "image_url": "https://imageproxy.wolt.com/menu/menu-images/64ffec4406cca0140dfab831/3d726354-8ec4-11ee-a2dd-22ab4de1c557_27457290.jpg",
      "categories": [
        "DROGERIE A KOSMETIKA",
        "DÁMSKÉ HYG. POTŘEBY"
      ],
      "prices": [
        {
          "store_name": "Albert",
          "price": 119.9,
          "original_price": null,
          "unit_price": 11.99,
          "unit": "ks",
          "package_size": "‪10‬ kusů",
          "condition": null
        }
      ],
      "description": null
    },
    {
      "name": "Whiskas Klasický výběr ve šťávě kapsička",
      "brand": "Whiskas",
      "product_url": "https://wolt.com/cs/cze/prague/venue/albert-vinohradska/whiskas-klasicky-vyber-ve-stave-kapsicka-itemid-657233256818b938df9483d2",
      "image_url": "https://imageproxy.wolt.com/menu/menu-images/64ffec4406cca0140dfab831/d40fe198-8ec8-11ee-9188-4a4c48cd47e0_27730553.jpg",
      "categories": [
        "ZVÍŘATA",
        "KOČKY"
      ],
      "prices": [
        {
          "store_name": "Albert",
          "price": 189.0,
          "original_price": null,
          "unit_price": 185.29,
          "unit": "Kg",
          "package_size": "1,02 kg",
          "condition": null
        }
      ],
      "description": null
    },
    {
      "name": "Hellmann's Kečup jemně pálivý",
      "brand": "Hellmann's",
      "product_url": "https://wolt.com/cs/cze/prague/venue/albert-vinohradska/hellmann-s-kecup-jemne-palivy-itemid-64ca0b7cba162577de48929a",
      "image_url": "https://imageproxy.wolt.com/menu/menu-images/64ffec4406cca0140dfab831/1b1f76c0-8ebf-11ee-af9b-6e81ffaa4982_27091180.jpg",
      "categories": [
        "TRVANLIVÉ",
        "KEČUPY A HOŘČICE"
      ],
      "prices": [
        {
          "store_name": "Albert",
          "price": 66.9,
          "original_price": null,
          "unit_price": 142.34,
          "unit": "Kg",
          "package_size": "470 g",
          "condition": null
        }
      ],
      "description": null
    },
    {
      "name": "Lay's Fromage",
      "brand": "Lay's",
      "product_url": "https://wolt.com/cs/cze/prague/venue/albert-vinohradska/lay-s-fromage-itemid-64ca0b7cba162577de48a4e9",
      "image_url": "https://imageproxy.wolt.com/menu/menu-images/64ffec4406cca0140dfab831/550ba062-8ec3-11ee-8046-bed13653e197_27376959.jpg",
      "categories": [
        "TRVANLIVÉ",
        "SLANÉ"
      ],
      "prices": [
        {
          "store_name": "Albert",
          "price": 34.9,
          "original_price": null,
          "unit_price": 581.67,
          "unit": "Kg",
          "package_size": "60 g",
          "condition": null
        }
      ],
      "description": null
    },
    {
      "name": "Tatra Tvaroh odtučněný",
      "brand": "Tatra",
      "product_url": "https://wolt.com/cs/cze/prague/venue/albert-vinohradska/tatra-tvaroh-odtucneny-itemid-64ca0b7cba162577de489936",
      "image_url": "https://imageproxy.wolt.com/menu/menu-images/64ffec4406cca0140dfab831/9642ffa8-8eb9-11ee-92d3-e6fbf8d3c3b0_26455211.jpg",
      "categories": [
        "MLÉČNÉ A CHLAZENÉ",
        "TVAROHY"
      ],
      "prices": [
        {
          "store_name": "Albert",
          "price": 30.9,
          "original_price": null,
          "unit_price": 123.6,
          "unit": "Kg",
          "package_size": "250 g",
          "condition": null
        }
      ],
      "description": null
    },
    {
      "name": "Lovepet Konzerva hovězí v omáčce pro psy",
      "brand": "Lovepet",
      "product_url": "https://wolt.com/cs/cze/prague/venue/albert-vinohradska/lovepet-konzerva-hovezi-v-omacce-pro-psy-itemid-64ca0b7cba162577de488853",
      "image_url": "https://imageproxy.wolt.com/menu/menu-images/64ffec4406cca0140dfab831/b8bbd0a8-8eb1-11ee-831c-7217cc85b990_24510240.jpg",
      "categories": [
        "ZVÍŘATA",
        "PSI"
      ],
      "prices": [
        {
          "store_name": "Albert",
          "price": 34.9,
          "original_price": null,
          "unit_price": 28.15,
          "unit": "Kg",
          "package_size": "1,24 kg",
          "condition": null
        }
      ],
      "description": null
    },
    {
      "name": "Nature's Promise Eco Šampon kopřivový",
      "brand": "Nature's Promise",
      "product_url": "https://wolt.com/cs/cze/prague/venue/albert-vinohradska/nature-s-promise-eco-sampon-koprivovy-itemid-651c8465f4313cc03e90b8d9",
      "image_url": "https://imageproxy.wolt.com/menu/menu-images/64ffec4406cca0140dfab831/19567988-8ec9-11ee-9937-a2925dfee091_27738368.jpg",
      "categories": [
        "DROGERIE A KOSMETIKA",
        "PÉČE O VLASY"
      ],
      "prices": [
        {
          "store_name": "Albert",
          "price": null,
          "original_price": null,
          "unit_price": 239.8,
          "unit": "l",
          "package_size": "500 ml",
          "condition": "Sleva"
        }
      ],
      "description": null
    },
    {
      "name": "Prima Polárkový dort čokoládová příchuť",
      "brand": "Prima",
      "product_url": "https://wolt.com/cs/cze/prague/venue/albert-vinohradska/prima-polarkovy-dort-cokoladova-prichut-itemid-6876153a0c6218e9f3e5f46e",
      "image_url": "https://imageproxy.wolt.com/menu/menu-images/64b62ec5e5ab70cdc92e30f0/20c3654e-616f-11f0-9961-5a9694788d33_27755327.jpg",
      "categories": [
        "MRAŽENÉ POTRAVINY",
        "ZMRZLINA A NANUKY"
      ],
      "prices": [
        {
          "store_name": "Albert",
          "price": 31.9,
          "original_price": null,
          "unit_price": 51.87,
          "unit": "l",
          "package_size": "615 ml",
          "condition": null
        }
      ],
      "description": null
    },
    {
      "name": "Anglický rohlík",
      "brand": "Anglický",
      "product_url": "https://wolt.com/cs/cze/prague/venue/albert-vinohradska/anglicky-rohlik-itemid-6601e0f1f0900ae750f71f77",
      "image_url": "https://imageproxy.wolt.com/menu/menu-images/6601c613e48d1c8d95333085/e7497370-eae2-11ee-b71f-daa57e6835e8_25892369.jpg",
      "categories": [
        "PEKÁRNA A CUKRÁRNA",
        "SLANÉ PEČIVO VOLNÉ"
      ],
      "prices": [
        {
          "store_name": "Albert",
          "price": 24.9,
          "original_price": null,
          "unit_price": 249.0,
          "unit": "Kg",
          "package_size": "100 g",
          "condition": null
        }
      ],
      "description": null
    },
    {
      "name": "Opavia Kolonáda oplatky s mléčnou čokoládou",
      "brand": "Opavia",
      "product_url": "https://wolt.com/cs/cze/prague/venue/albert-vinohradska/opavia-kolonada-oplatky-s-mlecnou-cokoladou-itemid-64ca0b7cba162577de4883d9",
      "image_url": "https://imageproxy.wolt.com/menu/menu-images/64ffec4406cca0140dfab831/b227dfe2-8eb2-11ee-a197-2e13ed999a8b_24855921.jpg",
      "categories": [
        "TRVANLIVÉ",
        "SLADKOSTI"
      ],
      "prices": [
        {
          "store_name": "Albert",
          "price": 54.9,
          "original_price": null,
          "unit_price": 596.74,
          "unit": "Kg",
          "package_size": "92 g",
          "condition": null
        }
      ],
      "description": null
    },
    {
      "name": "Albert Telecí párky",
      "brand": "Albert",
      "product_url": "https://wolt.com/cs/cze/prague/venue/albert-vinohradska/albert-teleci-parky-itemid-657233256818b938df948aef",
      "image_url": "https://imageproxy.wolt.com/menu/menu-images/64ffec4406cca0140dfab831/3d91a090-8ec7-11ee-86e4-0eb01a66e252_27649220.jpg",
      "categories": [
        "UZENINY A LAHŮDKY",
        "PÁRKY A KLOBÁSY"
      ],
      "prices": [
        {
          "store_name": "Albert",
          "price": 68.9,
          "original_price": null,
          "unit_price": 344.5,
          "unit": "Kg",
          "package_size": "200 g",
          "condition": null
        }
      ],
      "description": null
    },
    {
      "name": "Shelma Bezobilné dušené filetky výběr masa a ryb",
      "brand": "Shelma",
      "product_url": "https://wolt.com/cs/cze/prague/venue/albert-vinohradska/shelma-bezobilne-dusene-filetky-vyber-masa-a-ryb-itemid-64ca0b7cba162577de48a66e",
      "image_url": "https://imageproxy.wolt.com/menu/menu-images/64ffec4406cca0140dfab831/cc9e4fea-8ec2-11ee-bbee-2e546726778e_27327050.jpg",
      "categories": [
        "ZVÍŘATA",
        "KOČKY"
      ],
      "prices": [
        {
          "store_name": "Albert",
          "price": 59.9,
          "original_price": null,
          "unit_price": 176.18,
          "unit": "Kg",
          "package_size": "340 g",
          "condition": null
        }
      ],
      "description": null
    },
    {
      "name": "Pedro Duhové pendreky",
      "brand": "Pedro",
      "product_url": "https://wolt.com/cs/cze/prague/venue/albert-vinohradska/pedro-duhove-pendreky-itemid-64ca0b7cba162577de4890ea",
      "image_url": "https://imageproxy.wolt.com/menu/menu-images/64ffec4406cca0140dfab831/aa17d924-8ebc-11ee-9ba9-faffdc4b9b96_26855356.jpg",
      "categories": [
        "TRVANLIVÉ",
        "SLADKOSTI"
      ],
      "prices": [
        {
          "store_name": "Albert",
          "price": 23.9,
          "original_price": null,
          "unit_price": 298.75,
          "unit": "Kg",
          "package_size": "80 g",
          "condition": null
        }
      ],
      "description": null
    },
    {
      "name": "Albert Kuchyňské utěrky extra savé",
      "brand": "Albert",
      "product_url": "https://wolt.com/cs/cze/prague/venue/albert-vinohradska/albert-kuchynske-uterky-extra-save-itemid-64ca0b7cba162577de4896a4",
      "image_url": "https://imageproxy.wolt.com/menu/menu-images/64ffec4406cca0140dfab831/f7330a6a-8eb9-11ee-8539-1ec840397d06_26547398.jpg",
      "categories": [
        "DROGERIE A KOSMETIKA",
        "PAPÍROVÁ HYGIENA"
      ],
      "prices": [
        {
          "store_name": "Albert",
          "price": 39.9,
          "original_price": null,
          "unit_price": 1.0,
          "unit": "ks",
          "package_size": "‪40‬ kusů",
          "condition": null
        }
      ],
      "description": null
    },
    {
      "name": "Labeta Maková náplň",
      "brand": "Labeta",
      "product_url": "https://wolt.com/cs/cze/prague/venue/albert-vinohradska/labeta-makova-napln-itemid-64ca0b7cba162577de489c23",
      "image_url": "https://imageproxy.wolt.com/menu/menu-images/64ffec4406cca0140dfab831/a941b080-8eb0-11ee-8e6e-3ed0b25e551d_23919501.jpg",
      "categories": [
        "TRVANLIVÉ",
        "PEČENÍ A VAŘENÍ"
      ],
      "prices": [
        {
          "store_name": "Albert",
          "price": 53.9,
          "original_price": null,
          "unit_price": 215.6,
          "unit": "Kg",
          "package_size": "250 g",
          "condition": null
        }
      ],
      "description": null
    },
    {
      "name": "Hello Ovocný sirup malina",
      "brand": "Hello",
      "product_url": "https://wolt.com/cs/cze/prague/venue/albert-vinohradska/hello-ovocny-sirup-malina-itemid-64ca0b7cba162577de48918c",
      "image_url": "https://imageproxy.wolt.com/menu/menu-images/64ffec4406cca0140dfab831/7b45c454-8eb6-11ee-8026-1e9e4c6f0bda_25761917.jpg",
      "categories": [
        "NÁPOJE",
        "SIRUPY A KONCENTRÁTY"
      ],
      "prices": [
        {
          "store_name": "Albert",
          "price": null,
          "original_price": null,
          "unit_price": 57.0,
          "unit": "l",
          "package_size": "700 ml",
          "condition": "Sleva"
        }
      ],
      "description": null
    },
    {
      "name": "Apetito Palivec",
      "brand": "Apetito",
      "product_url": "https://wolt.com/cs/cze/prague/venue/albert-vinohradska/apetito-palivec-itemid-64ca0b7cba162577de489584",
      "image_url": "https://imageproxy.wolt.com/menu/menu-images/64ffec4406cca0140dfab831/a5d024f0-8ec8-11ee-8a6c-5a01586eeed4_27728505.jpg",
      "categories": [
        "MLÉČNÉ A CHLAZENÉ",
        "SÝRY"
      ],
      "prices": [
        {
          "store_name": "Albert",
          "price": 49.9,
          "original_price": null,
          "unit_price": 356.43,
          "unit": "Kg",
          "package_size": "140 g",
          "condition": null
        }
      ],
      "description": null
    },
    {
      "name": "Racio Bio rýžové chlebíčky s amarantem",
      "brand": "Racio",
      "product_url": "https://wolt.com/cs/cze/prague/venue/albert-vinohradska/racio-bio-ryzove-chlebicky-s-amarantem-itemid-64ca0b7cba162577de48998f",
      "image_url": "https://imageproxy.wolt.com/menu/menu-images/63ad795db242366d1f818f36/10dd2c88-25b4-11f0-86a0-2ea3b37b5eb2_23348790.jpg",
      "categories": [
        "PEKÁRNA A CUKRÁRNA",
        "RACIO A KNÄCKEBROT"
      ],
      "prices": [
        {
          "store_name": "Albert",
          "price": null,
          "original_price": null,
          "unit_price": 142.14,
          "unit": "Kg",
          "package_size": "140 g",
          "condition": "Sleva"
        }
      ],
      "description": null
    },
    {
      "name": "Nicolaus Cranberry vodka 35%",
      "brand": "Nicolaus",
      "product_url": "https://wolt.com/cs/cze/prague/venue/albert-vinohradska/nicolaus-cranberry-vodka-35-itemid-657233256818b938df94857a",
      "image_url": "https://imageproxy.wolt.com/menu/menu-images/64ffec4406cca0140dfab831/66590bf0-8eca-11ee-9ae8-a2925dfee091_27777947.jpg",
      "categories": [
        "NÁPOJE",
        "LIHOVINY"
      ],
      "prices": [
        {
          "store_name": "Albert",
          "price": 229.0,
          "original_price": null,
          "unit_price": 458.0,
          "unit": "l",
          "package_size": "500 ml, 35% alc",
          "condition": "18+"
        }
      ],
      "description": null
    },
    {
      "name": "Albert Hořické trubičky čokoládové polomáčené",
      "brand": "Albert",
      "product_url": "https://wolt.com/cs/cze/prague/venue/albert-vinohradska/albert-horicke-trubicky-cokoladove-polomacene-itemid-64ca0b7cba162577de488b11",
      "image_url": "https://imageproxy.wolt.com/menu/menu-images/64ffec4406cca0140dfab831/97ef781c-8eba-11ee-b835-3a1814765055_26645438.jpg",
      "categories": [
        "TRVANLIVÉ",
        "SLADKOSTI"
      ],
      "prices": [
        {
          "store_name": "Albert",
          "price": 16.9,
          "original_price": null,
          "unit_price": 402.38,
          "unit": "Kg",
          "package_size": "42 g",
          "condition": null
        }
      ],
      "description": null
    },
    {
      "name": "Président Salakis Sýr balkánský jemný",
      "brand": "Président",
      "product_url": "https://wolt.com/cs/cze/prague/venue/albert-vinohradska/president-salakis-syr-balkansky-jemny-itemid-64ca0b7cba162577de48900d",
      "image_url": "https://imageproxy.wolt.com/menu/menu-images/63ad795db242366d1f818f36/1fc450c0-d995-11ef-854d-baa9d2c1c1eb_26954721.jpg",
      "categories": [
        "MLÉČNÉ A CHLAZENÉ",
        "SÝRY"
      ],
      "prices": [
        {
          "store_name": "Albert",
          "price": 69.9,
          "original_price": null,
          "unit_price": 279.6,
          "unit": "Kg",
          "package_size": "250 g",
          "condition": null
        }
      ],
      "description": null
    },
    {
      "name": "Flora Original",
      "brand": "Flora",
      "product_url": "https://wolt.com/cs/cze/prague/venue/albert-vinohradska/flora-original-itemid-64ca0b7cba162577de489a0a",
      "image_url": "https://imageproxy.wolt.com/menu/menu-images/64ffec4406cca0140dfab831/431d83d0-8eae-11ee-8a5e-7a8430ea266b_22067098.jpg",
      "categories": [
        "MLÉČNÉ A CHLAZENÉ",
        "MÁSLO A TUKY"
      ],
      "prices": [
        {
          "store_name": "Albert",
          "price": 79.9,
          "original_price": null,
          "unit_price": 199.75,
          "unit": "Kg",
          "package_size": "400 g",
          "condition": null
        }
      ],
      "description": null
    },
    {
      "name": "Jelení lůj",
      "brand": "Jelení",
      "product_url": "https://wolt.com/cs/cze/prague/venue/albert-vinohradska/jeleni-luj-itemid-64ca0b7cba162577de489b9f",
      "image_url": "https://imageproxy.wolt.com/menu/menu-images/64ffec4406cca0140dfab831/a49d4180-8eaf-11ee-b9d1-1aabffa83dfd_23430822.jpg",
      "categories": [
        "DROGERIE A KOSMETIKA",
        "PÉČE O PLEŤ"
      ],
      "prices": [
        {
          "store_name": "Albert",
          "price": 42.9,
          "original_price": null,
          "unit_price": 1532.14,
          "unit": "Kg",
          "package_size": "28 g",
          "condition": null
        }
      ],
      "description": null
    },
    {
      "name": "Krajanka Zakysaná smetana čokoládová (mix příchutí)",
      "brand": "Krajanka",
      "product_url": "https://wolt.com/cs/cze/prague/venue/albert-vinohradska/krajanka-zakysana-smetana-cokoladova-mix-prichuti-itemid-657233256818b938df9485d3",
      "image_url": "https://imageproxy.wolt.com/menu/menu-images/64ffec4406cca0140dfab831/18c325fc-8eba-11ee-b434-325d7328b531_26563558.jpg",
      "categories": [
        "MLÉČNÉ A CHLAZENÉ",
        "JOGURTY A DEZERTY"
      ],
      "prices": [
        {
          "store_name": "Albert",
          "price": 22.9,
          "original_price": null,
          "unit_price": 176.15,
          "unit": "Kg",
          "package_size": "130 g",
          "condition": null
        }
      ],
      "description": null
    },
    {
      "name": "Borges Olivový olej extra panenský",
      "brand": "Borges",
      "product_url": "https://wolt.com/cs/cze/prague/venue/albert-vinohradska/borges-olivovy-olej-extra-panensky-itemid-64ca0b7cba162577de489ec3",
      "image_url": "https://imageproxy.wolt.com/menu/menu-images/63ad795db242366d1f818f36/eada97b8-7825-11f0-b917-e67677b74be8_22828668.jpg",
      "categories": [
        "TRVANLIVÉ",
        "OLEJE A OCTY"
      ],
      "prices": [
        {
          "store_name": "Albert",
          "price": 348.0,
          "original_price": null,
          "unit_price": 696.0,
          "unit": "l",
          "package_size": "500 ml",
          "condition": null
        }
      ],
      "description": null
    },
    {
      "name": "Bartonik Sirup malina",
      "brand": "Bartonik",
      "product_url": "https://wolt.com/cs/cze/prague/venue/albert-vinohradska/bartonik-sirup-malina-itemid-681b5abffcbd67bf7a8f4a47",
      "image_url": "https://imageproxy.wolt.com/menu/menu-images/63ad795db242366d1f818f36/298c1a8a-2b47-11f0-9e3e-b2f6bb6ea986_27147580.jpg",
      "categories": [
        "NÁPOJE",
        "SIRUPY A KONCENTRÁTY"
      ],
      "prices": [
        {
          "store_name": "Albert",
          "price": 99.9,
          "original_price": null,
          "unit_price": 199.8,
          "unit": "l",
          "package_size": "500 ml",
          "condition": null
        }
      ],
      "description": null
    },
    {
      "name": "Dr. Oetker Kypřicí prášek",
      "brand": "Dr. Oetker",
      "product_url": "https://wolt.com/cs/cze/prague/venue/albert-vinohradska/dr-oetker-kyprici-prasek-itemid-64ca0b7cba162577de4881fb",
      "image_url": "https://imageproxy.wolt.com/menu/menu-images/63ad795db242366d1f818f36/f8a1a6b2-a8e9-11f0-b6a2-12840a14f60a_23319462.jpg",
      "categories": [
        "TRVANLIVÉ",
        "PEČENÍ A VAŘENÍ"
      ],
      "prices": [
        {
          "store_name": "Albert",
          "price": 23.9,
          "original_price": null,
          "unit_price": 398.33,
          "unit": "Kg",
          "package_size": "60 g",
          "condition": null
        }
      ],
      "description": null
    },
    {
      "name": "Nivea krém",
      "brand": "Nivea",
      "product_url": "https://wolt.com/cs/cze/prague/venue/albert-vinohradska/nivea-krem-itemid-64ca0b7cba162577de489e7d",
      "image_url": "https://imageproxy.wolt.com/menu/menu-images/63ad795db242366d1f818f36/5d0007e6-c3f1-11ee-a851-5e3e8a15b05e_20489755.jpg",
      "categories": [
        "DROGERIE A KOSMETIKA",
        "PÉČE O PLEŤ"
      ],
      "prices": [
        {
          "store_name": "Albert",
          "price": 84.9,
          "original_price": null,
          "unit_price": 1132.0,
          "unit": "l",
          "package_size": "75 ml",
          "condition": "Vyprodáno"
        }
      ],
      "description": null
    },
    {
      "name": "HiPP Bio Müsli tyčinka máslová sušenka",
      "brand": "HiPP",
      "product_url": "https://wolt.com/cs/cze/prague/venue/albert-vinohradska/hipp-bio-musli-tycinka-maslova-susenka-itemid-657233256818b938df94839a",
      "image_url": "https://imageproxy.wolt.com/menu/menu-images/64ffec4406cca0140dfab831/684812c0-8ec1-11ee-aef6-66f80a096b2a_27247471.jpg",
      "categories": [
        "DÍTĚ",
        "VÝŽIVA"
      ],
      "prices": [
        {
          "store_name": "Albert",
          "price": 22.9,
          "original_price": null,
          "unit_price": 1145.0,
          "unit": "Kg",
          "package_size": "20 g",
          "condition": null
        }
      ],
      "description": null
    },
    {
      "name": "Maestro Primitivo Puglia",
      "brand": "Maestro",
      "product_url": "https://wolt.com/cs/cze/prague/venue/albert-vinohradska/maestro-primitivo-puglia-itemid-657233256818b938df94819a",
      "image_url": "https://imageproxy.wolt.com/menu/menu-images/64ffec4406cca0140dfab831/2fd72f9a-8ec4-11ee-9af1-22bb34ae47e9_27450697.jpg",
      "categories": [
        "NÁPOJE",
        "VÍNA"
      ],
      "prices": [
        {
          "store_name": "Albert",
          "price": 199.0,
          "original_price": null,
          "unit_price": 265.33,
          "unit": "l",
          "package_size": "750 ml, 13,5% alc",
          "condition": "18+"
        }
      ],
      "description": null
    },
    {
      "name": "Indulona ochranný krém na ruce",
      "brand": "Indulona",
      "product_url": "https://wolt.com/cs/cze/prague/venue/albert-vinohradska/indulona-ochranny-krem-na-ruce-itemid-64ca0b7cba162577de48a063",
      "image_url": "https://imageproxy.wolt.com/menu/menu-images/64ffec4406cca0140dfab831/59573c44-8eb9-11ee-a6f9-be8c16d2d45a_26411972.jpg",
      "categories": [
        "DROGERIE A KOSMETIKA",
        "PÉČE O PLEŤ"
      ],
      "prices": [
        {
          "store_name": "Albert",
          "price": 59.9,
          "original_price": null,
          "unit_price": 798.67,
          "unit": "l",
          "package_size": "75 ml",
          "condition": null
        }
      ],
      "description": null
    },
    {
      "name": "Sunar Do ručičky ovocná kapsička jahoda 4m",
      "brand": "Sunar",
      "product_url": "https://wolt.com/cs/cze/prague/venue/albert-vinohradska/sunar-do-rucicky-ovocna-kapsicka-jahoda-4m-itemid-64ca0b7cba162577de48a03c",
      "image_url": "https://imageproxy.wolt.com/menu/menu-images/64ffec4406cca0140dfab831/8e9e7da4-8ebe-11ee-b267-be2d1bdd5ebf_27035788.jpg",
      "categories": [
        "DÍTĚ",
        "VÝŽIVA"
      ],
      "prices": [
        {
          "store_name": "Albert",
          "price": 21.9,
          "original_price": null,
          "unit_price": 219.0,
          "unit": "Kg",
          "package_size": "100 g",
          "condition": null
        }
      ],
      "description": null
    },
    {
      "name": "Albert Jogurt selský bílý",
      "brand": "Albert",
      "product_url": "https://wolt.com/cs/cze/prague/venue/albert-vinohradska/albert-jogurt-selsky-bily-itemid-64ca0b7cba162577de4890c9",
      "image_url": "https://imageproxy.wolt.com/menu/menu-images/64ffec4406cca0140dfab831/2062fa6a-8eb7-11ee-bdd4-f676b94e1855_25890877.jpg",
      "categories": [
        "MLÉČNÉ A CHLAZENÉ",
        "JOGURTY A DEZERTY"
      ],
      "prices": [
        {
          "store_name": "Albert",
          "price": 21.9,
          "original_price": null,
          "unit_price": 58.4,
          "unit": "Kg",
          "package_size": "375 g",
          "condition": null
        }
      ],
      "description": null
    },
    {
      "name": "Royal Crown Cola",
      "brand": "Royal",
      "product_url": "https://wolt.com/cs/cze/prague/venue/albert-vinohradska/royal-crown-cola-itemid-64ca0b7cba162577de48a298",
      "image_url": "https://imageproxy.wolt.com/menu/menu-images/63ad795db242366d1f818f36/ce990308-7827-11f0-a076-92b75d278206_27100592.jpg",
      "categories": [
        "NÁPOJE",
        "LIMONÁDY"
      ],
      "prices": [
        {
          "store_name": "Albert",
          "price": 31.9,
          "original_price": null,
          "unit_price": 63.8,
          "unit": "l",
          "package_size": "500 ml",
          "condition": null
        }
      ],
      "description": null
    },
    {
      "name": "Yum Yum Instantní polévka příchuť kuřecí",
      "brand": "Yum",
      "product_url": "https://wolt.com/cs/cze/prague/venue/albert-vinohradska/yum-yum-instantni-polevka-prichut-kureci-itemid-657233256818b938df9478f7",
      "image_url": "https://imageproxy.wolt.com/menu/menu-images/64ffec4406cca0140dfab831/7cec69d2-8eae-11ee-a378-faa0c7b9848f_22443977.jpg",
      "categories": [
        "TRVANLIVÉ",
        "INSTANTNÍ POKRMY"
      ],
      "prices": [
        {
          "store_name": "Albert",
          "price": 18.9,
          "original_price": null,
          "unit_price": 315.0,
          "unit": "Kg",
          "package_size": "60 g",
          "condition": null
        }
      ],
      "description": null
    },
    {
      "name": "Nature's Promise Bio Lupínky ovesné",
      "brand": "Nature's Promise",
      "product_url": "https://wolt.com/cs/cze/prague/venue/albert-vinohradska/nature-s-promise-bio-lupinky-ovesne-itemid-64ca0b7cba162577de489991",
      "image_url": "https://imageproxy.wolt.com/menu/menu-images/63ad795db242366d1f818f36/723e5d6e-8e26-11f0-9c9b-caa3fd29fd86_26896885.jpg",
      "categories": [
        "TRVANLIVÉ",
        "MÜSLI A CEREÁLIE"
      ],
      "prices": [
        {
          "store_name": "Albert",
          "price": null,
          "original_price": null,
          "unit_price": 149.5,
          "unit": "Kg",
          "package_size": "200 g",
          "condition": "Sleva"
        }
      ],
      "description": null
    },
    {
      "name": "Zlatý sýr Cheddar plátky",
      "brand": "Zlatý",
      "product_url": "https://wolt.com/cs/cze/prague/venue/albert-vinohradska/zlaty-syr-cheddar-platky-itemid-64ca0b7cba162577de48968d",
      "image_url": "https://imageproxy.wolt.com/menu/menu-images/64ffec4406cca0140dfab831/bcef2a9c-8ebd-11ee-bace-be2d1bdd5ebf_26964164.jpg",
      "categories": [
        "MLÉČNÉ A CHLAZENÉ",
        "SÝRY"
      ],
      "prices": [
        {
          "store_name": "Albert",
          "price": 51.9,
          "original_price": null,
          "unit_price": 519.0,
          "unit": "Kg",
          "package_size": "100 g",
          "condition": null
        }
      ],
      "description": null
    },
    {
      "name": "Vitana Worcester",
      "brand": "Vitana",
      "product_url": "https://wolt.com/cs/cze/prague/venue/albert-vinohradska/vitana-worcester-itemid-64ca0b7cba162577de489941",
      "image_url": "https://imageproxy.wolt.com/menu/menu-images/64ffec4406cca0140dfab831/6be5bd48-8eac-11ee-a5e8-96106fe39af5_20304973.jpg",
      "categories": [
        "TRVANLIVÉ",
        "KOŘENÍ A OCHUCOVADLA"
      ],
      "prices": [
        {
          "store_name": "Albert",
          "price": 43.9,
          "original_price": null,
          "unit_price": 274.38,
          "unit": "l",
          "package_size": "160 ml",
          "condition": null
        }
      ],
      "description": null
    },
    {
      "name": "Staropramen 10",
      "brand": "Staropramen",
      "product_url": "https://wolt.com/cs/cze/prague/venue/albert-vinohradska/staropramen-10-itemid-657233256818b938df948562",
      "image_url": "https://imageproxy.wolt.com/menu/menu-images/64ffec4406cca0140dfab831/00708402-8ecb-11ee-8a01-ba7a0888b93f_27793886.jpg",
      "categories": [
        "NÁPOJE",
        "PIVA"
      ],
      "prices": [
        {
          "store_name": "Albert",
          "price": 21.9,
          "original_price": null,
          "unit_price": 43.8,
          "unit": "l",
          "package_size": "500 ml, 4,3% alc",
          "condition": "18+"
        }
      ],
      "description": null
    },
    {
      "name": "Sfinx Klokanky",
      "brand": "Sfinx",
      "product_url": "https://wolt.com/cs/cze/prague/venue/albert-vinohradska/sfinx-klokanky-itemid-64ca0b7cba162577de489459",
      "image_url": "https://imageproxy.wolt.com/menu/menu-images/63ad795db242366d1f818f36/1e1a278c-4e4d-11ef-808e-7e668aa06cc6_20300500.jpg",
      "categories": [
        "TRVANLIVÉ",
        "SLADKOSTI"
      ],
      "prices": [
        {
          "store_name": "Albert",
          "price": 19.9,
          "original_price": null,
          "unit_price": 221.11,
          "unit": "Kg",
          "package_size": "90 g",
          "condition": null
        }
      ],
      "description": null
    },
    {
      "name": "Zlatopramen Radler 0 % brusinka a rybíz",
      "brand": "Zlatopramen",
      "product_url": "https://wolt.com/cs/cze/prague/venue/albert-vinohradska/zlatopramen-radler-0-brusinka-a-rybiz-itemid-64ca0b7cba162577de48984e",
      "image_url": "https://imageproxy.wolt.com/menu/menu-images/64ffec4406cca0140dfab831/fa4f2d64-8ec3-11ee-86bb-4eeff7c63e9c_27434710.jpg",
      "categories": [
        "NÁPOJE",
        "PIVA"
      ],
      "prices": [
        {
          "store_name": "Albert",
          "price": 23.9,
          "original_price": null,
          "unit_price": 47.8,
          "unit": "l",
          "package_size": "500 ml",
          "condition": null
        }
      ],
      "description": null
    },
    {
      "name": "Albert Podmáslí",
      "brand": "Albert",
      "product_url": "https://wolt.com/cs/cze/prague/venue/albert-vinohradska/albert-podmasli-itemid-64ca0b7cba162577de48856f",
      "image_url": "https://imageproxy.wolt.com/menu/menu-images/64ffec4406cca0140dfab831/e60f2fc2-8eb2-11ee-98ad-aa70cbf91f77_24903462.jpg",
      "categories": [
        "MLÉČNÉ A CHLAZENÉ",
        "MLÉČNÉ NÁPOJE"
      ],
      "prices": [
        {
          "store_name": "Albert",
          "price": 16.9,
          "original_price": null,
          "unit_price": 33.8,
          "unit": "l",
          "package_size": "500 ml",
          "condition": null
        }
      ],
      "description": null
    },
    {
      "name": "Nature's Promise Bio Mléko polotučné čerstvé",
      "brand": "Nature's Promise",
      "product_url": "https://wolt.com/cs/cze/prague/venue/albert-vinohradska/nature-s-promise-bio-mleko-polotucne-cerstve-itemid-64ca0b7cba162577de488cd3",
      "image_url": "https://imageproxy.wolt.com/menu/menu-images/64ffec4406cca0140dfab831/91ebc45a-8eb2-11ee-8701-c64f1deb8de2_24827195.jpg",
      "categories": [
        "MLÉČNÉ A CHLAZENÉ",
        "MLÉČNÉ NÁPOJE"
      ],
      "prices": [
        {
          "store_name": "Albert",
          "price": null,
          "original_price": null,
          "unit_price": 24.9,
          "unit": "l",
          "package_size": "1 l",
          "condition": "Sleva"
        }
      ],
      "description": null
    },
    {
      "name": "Racio Free Style Rýžové chlebíčky rajče a bazalka",
      "brand": "Racio",
      "product_url": "https://wolt.com/cs/cze/prague/venue/albert-vinohradska/racio-free-style-ryzove-chlebicky-rajce-a-bazalka-itemid-64ca0b7cba162577de488fa3",
      "image_url": "https://imageproxy.wolt.com/menu/menu-images/63ad795db242366d1f818f36/c0bc9c48-f8ef-11ef-99de-463a8f59ca51_24793988.jpg",
      "categories": [
        "PEKÁRNA A CUKRÁRNA",
        "RACIO A KNÄCKEBROT"
      ],
      "prices": [
        {
          "store_name": "Albert",
          "price": 14.9,
          "original_price": null,
          "unit_price": 596.0,
          "unit": "Kg",
          "package_size": "25 g",
          "condition": null
        }
      ],
      "description": null
    },
    {
      "name": "Česká chuť Pochoutkový salát",
      "brand": "Česká chuť",
      "product_url": "https://wolt.com/cs/cze/prague/venue/albert-vinohradska/ceska-chut-pochoutkovy-salat-itemid-64ca0b7cba162577de4886bb",
      "image_url": "https://imageproxy.wolt.com/menu/menu-images/63ad795db242366d1f818f36/5a1491dc-4e4d-11ef-bf15-a273fbd40e2b_26830551.jpg",
      "categories": [
        "UZENINY A LAHŮDKY",
        "SALÁTY A POMAZÁNKY"
      ],
      "prices": [
        {
          "store_name": "Albert",
          "price": 23.9,
          "original_price": null,
          "unit_price": 159.33,
          "unit": "Kg",
          "package_size": "150 g",
          "condition": null
        }
      ],
      "description": null
    },
    {
      "name": "Ondrášovka Jemně perlivá citrón",
      "brand": "Ondrášovka",
      "product_url": "https://wolt.com/cs/cze/prague/venue/albert-vinohradska/ondrasovka-jemne-perliva-citron-itemid-64ca0b7cba162577de4894a7",
      "image_url": "https://imageproxy.wolt.com/menu/menu-images/64ffec4406cca0140dfab831/2ca32000-8eaf-11ee-b4e3-c231a3feaf11_23169166.jpg",
      "categories": [
        "NÁPOJE",
        "VODY A MINERÁLKY"
      ],
      "prices": [
        {
          "store_name": "Albert",
          "price": 19.9,
          "original_price": null,
          "unit_price": 13.27,
          "unit": "l",
          "package_size": "1,5 l",
          "condition": null
        }
      ],
      "description": null
    },
    {
      "name": "Artesie Citronová šťáva",
      "brand": "Artesie",
      "product_url": "https://wolt.com/cs/cze/prague/venue/albert-vinohradska/artesie-citronova-stava-itemid-657233256818b938df948544",
      "image_url": "https://imageproxy.wolt.com/menu/menu-images/64ffec4406cca0140dfab831/46dd671c-8eb6-11ee-9cf5-06c7de8dd7bf_25734362.jpg",
      "categories": [
        "NÁPOJE",
        "SIRUPY A KONCENTRÁTY"
      ],
      "prices": [
        {
          "store_name": "Albert",
          "price": 12.9,
          "original_price": null,
          "unit_price": 64.5,
          "unit": "l",
          "package_size": "200 ml",
          "condition": null
        }
      ],
      "description": null
    },
    {
      "name": "Svijanský Máz 11 světlý ležák",
      "brand": "Svijanský",
      "product_url": "https://wolt.com/cs/cze/prague/venue/albert-vinohradska/svijansky-maz-11-svetly-lezak-itemid-64ca0b7cba162577de488713",
      "image_url": "https://imageproxy.wolt.com/menu/menu-images/64ffec4406cca0140dfab831/9651271e-8eae-11ee-8ab8-5a1fea813fd4_22594693.jpg",
      "categories": [
        "NÁPOJE",
        "PIVA"
      ],
      "prices": [
        {
          "store_name": "Albert",
          "price": 22.9,
          "original_price": null,
          "unit_price": 45.8,
          "unit": "l",
          "package_size": "500 ml, 4,8% alc",
          "condition": "18+"
        }
      ],
      "description": null
    },
    {
      "name": "Giana Tuňákový salát Western",
      "brand": "Giana",
      "product_url": "https://wolt.com/cs/cze/prague/venue/albert-vinohradska/giana-tunakovy-salat-western-itemid-64ca0b7cba162577de4896d9",
      "image_url": "https://imageproxy.wolt.com/menu/menu-images/63ad795db242366d1f818f36/85ee3262-9796-11ef-98a5-7ad84fa2bf9e_24442831.jpg",
      "categories": [
        "TRVANLIVÉ",
        "KONZERVOVANÉ POTR."
      ],
      "prices": [
        {
          "store_name": "Albert",
          "price": 67.9,
          "original_price": null,
          "unit_price": 367.03,
          "unit": "Kg",
          "package_size": "185 g",
          "condition": null
        }
      ],
      "description": null
    },
    {
      "name": "Česká chuť Kysané zelí bílé",
      "brand": "Česká chuť",
      "product_url": "https://wolt.com/cs/cze/prague/venue/albert-vinohradska/ceska-chut-kysane-zeli-bile-itemid-64ca0b7cba162577de48912d",
      "image_url": "https://imageproxy.wolt.com/menu/menu-images/64ffec4406cca0140dfab831/8e3526f4-8ebb-11ee-b90e-62f0ef4f63d8_26778778.jpg",
      "categories": [
        "TRVANLIVÉ",
        "KONZERVOVANÉ POTR."
      ],
      "prices": [
        {
          "store_name": "Albert",
          "price": 39.9,
          "original_price": null,
          "unit_price": 110.83,
          "unit": "Kg",
          "package_size": "360 g",
          "condition": null
        }
      ],
      "description": null
    },
    {
      "name": "Viva Utopenci delikates",
      "brand": "Viva",
      "product_url": "https://wolt.com/cs/cze/prague/venue/albert-vinohradska/viva-utopenci-delikates-itemid-657233256818b938df9485de",
      "image_url": "https://imageproxy.wolt.com/menu/menu-images/64ffec4406cca0140dfab831/555a1610-8eb5-11ee-960a-166df9adf1b7_25536874.jpg",
      "categories": [
        "TRVANLIVÉ",
        "KONZERVOVANÉ POTR."
      ],
      "prices": [
        {
          "store_name": "Albert",
          "price": 123.7,
          "original_price": null,
          "unit_price": 325.53,
          "unit": "Kg",
          "package_size": "380 g",
          "condition": null
        }
      ],
      "description": null
    },
    {
      "name": "Babiččiny vaječné fleky",
      "brand": "Babiččiny",
      "product_url": "https://wolt.com/cs/cze/prague/venue/albert-vinohradska/babicciny-vajecne-fleky-itemid-64ca0b7cba162577de489ef8",
      "image_url": "https://imageproxy.wolt.com/menu/menu-images/64ffec4406cca0140dfab831/ef088558-8eb5-11ee-92a3-36180384687e_25660203.jpg",
      "categories": [
        "TRVANLIVÉ",
        "TĚSTOVINY A KUSKUS"
      ],
      "prices": [
        {
          "store_name": "Albert",
          "price": null,
          "original_price": null,
          "unit_price": 105.76,
          "unit": "Kg",
          "package_size": "330 g",
          "condition": "Sleva"
        }
      ],
      "description": null
    },
    {
      "name": "Albert Jogurt jahoda",
      "brand": "Albert",
      "product_url": "https://wolt.com/cs/cze/prague/venue/albert-vinohradska/albert-jogurt-jahoda-itemid-64ca0b7cba162577de48924e",
      "image_url": "https://imageproxy.wolt.com/menu/menu-images/64ffec4406cca0140dfab831/4a43ce64-8eb6-11ee-b654-f6f59196df47_25734515.jpg",
      "categories": [
        "MLÉČNÉ A CHLAZENÉ",
        "JOGURTY A DEZERTY"
      ],
      "prices": [
        {
          "store_name": "Albert",
          "price": 21.9,
          "original_price": null,
          "unit_price": 54.75,
          "unit": "Kg",
          "package_size": "400 g",
          "condition": null
        }
      ],
      "description": null
    },
    {
      "name": "Huhu Bamboo Pamlsek pro psy kachní prsa",
      "brand": "Huhu",
      "product_url": "https://wolt.com/cs/cze/prague/venue/albert-vinohradska/huhu-bamboo-pamlsek-pro-psy-kachni-prsa-itemid-6601edb5ce0ec50e8160a1b7",
      "image_url": "https://imageproxy.wolt.com/menu/menu-images/6601c613e48d1c8d95333085/fff4679a-eae2-11ee-9d7a-767946bf8e19_26094304.jpg",
      "categories": [
        "ZVÍŘATA",
        "PSI"
      ],
      "prices": [
        {
          "store_name": "Albert",
          "price": 64.9,
          "original_price": null,
          "unit_price": 865.33,
          "unit": "Kg",
          "package_size": "75 g",
          "condition": null
        }
      ],
      "description": null
    },
    {
      "name": "Canti Merlot",
      "brand": "Canti",
      "product_url": "https://wolt.com/cs/cze/prague/venue/albert-vinohradska/canti-merlot-itemid-64ca0b7cba162577de488ffb",
      "image_url": "https://imageproxy.wolt.com/menu/menu-images/64ffec4406cca0140dfab831/7801a418-8eb9-11ee-a575-feea992db910_26430331.jpg",
      "categories": [
        "NÁPOJE",
        "VÍNA"
      ],
      "prices": [
        {
          "store_name": "Albert",
          "price": null,
          "original_price": null,
          "unit_price": 93.2,
          "unit": "l",
          "package_size": "750 ml, 11,5% alc",
          "condition": "Sleva, 18+"
        }
      ],
      "description": null
    },
    {
      "name": "Fa Μen sprchový gel Sport 2v1",
      "brand": "Fa",
      "product_url": "https://wolt.com/cs/cze/prague/venue/albert-vinohradska/fa-men-sprchovy-gel-sport-2v1-itemid-64ca0b7cba162577de488dc3",
      "image_url": "https://imageproxy.wolt.com/menu/menu-images/63ad795db242366d1f818f36/fef99006-a8e9-11f0-a1ef-169608529419_24432016.jpg",
      "categories": [
        "DROGERIE A KOSMETIKA",
        "MÝDLA A GELY"
      ],
      "prices": [
        {
          "store_name": "Albert",
          "price": 79.9,
          "original_price": null,
          "unit_price": 199.75,
          "unit": "l",
          "package_size": "400 ml",
          "condition": null
        }
      ],
      "description": null
    },
    {
      "name": "Rex Orchid & Macademia Oil prací gel",
      "brand": "Rex",
      "product_url": "https://wolt.com/cs/cze/prague/venue/albert-vinohradska/rex-orchid-macademia-oil-praci-gel-itemid-64ca0b7cba162577de489cbc",
      "image_url": "https://imageproxy.wolt.com/menu/menu-images/64ffec4406cca0140dfab831/7279a774-92e3-11ee-996b-8e3619af2441_25608564.jpg",
      "categories": [
        "DROGERIE A KOSMETIKA",
        "PRACÍ PROSTŘEDKY"
      ],
      "prices": [
        {
          "store_name": "Albert",
          "price": 199.0,
          "original_price": null,
          "unit_price": 3.98,
          "unit": "ks",
          "package_size": "‪50‬ kusů",
          "condition": null
        }
      ],
      "description": null
    },
    {
      "name": "Česká chuť Játrovka",
      "brand": "Česká chuť",
      "product_url": "https://wolt.com/cs/cze/prague/venue/albert-vinohradska/ceska-chut-jatrovka-itemid-64ca0b7cba162577de4885a1",
      "image_url": "https://imageproxy.wolt.com/menu/menu-images/64ffec4406cca0140dfab831/82759c20-8eb8-11ee-9a07-faf7ab9749a2_26115801.jpg",
      "categories": [
        "UZENINY A LAHŮDKY",
        "PAŠTIKY"
      ],
      "prices": [
        {
          "store_name": "Albert",
          "price": 15.9,
          "original_price": null,
          "unit_price": 113.57,
          "unit": "Kg",
          "package_size": "140 g",
          "condition": null
        }
      ],
      "description": null
    },
    {
      "name": "Manner Oplatky originál",
      "brand": "Manner",
      "product_url": "https://wolt.com/cs/cze/prague/venue/albert-vinohradska/manner-oplatky-original-itemid-64ca0b7cba162577de489c05",
      "image_url": "https://imageproxy.wolt.com/menu/menu-images/64ffec4406cca0140dfab831/06e16d1e-8eb3-11ee-9cbf-b287692f5450_24944045.jpg",
      "categories": [
        "TRVANLIVÉ",
        "SLADKOSTI"
      ],
      "prices": [
        {
          "store_name": "Albert",
          "price": 19.9,
          "original_price": null,
          "unit_price": 265.33,
          "unit": "Kg",
          "package_size": "75 g",
          "condition": null
        }
      ],
      "description": null
    },
    {
      "name": "Bona Vita Chléb s dýňovým semínkem",
      "brand": "Bona",
      "product_url": "https://wolt.com/cs/cze/prague/venue/albert-vinohradska/bona-vita-chleb-s-dynovym-seminkem-itemid-657233256818b938df94787d",
      "image_url": "https://imageproxy.wolt.com/menu/menu-images/64ffec4406cca0140dfab831/70ede8de-8eba-11ee-96f1-b6ff72c7a500_26627458.jpg",
      "categories": [
        "PEKÁRNA A CUKRÁRNA",
        "CHLÉB BALENÝ"
      ],
      "prices": [
        {
          "store_name": "Albert",
          "price": 51.9,
          "original_price": null,
          "unit_price": 103.8,
          "unit": "Kg",
          "package_size": "500 g",
          "condition": null
        }
      ],
      "description": null
    },
    {
      "name": "Lay's Stix s příchutí kečupu",
      "brand": "Lay's",
      "product_url": "https://wolt.com/cs/cze/prague/venue/albert-vinohradska/lay-s-stix-s-prichuti-kecupu-itemid-64ca0b7cba162577de48a713",
      "image_url": "https://imageproxy.wolt.com/menu/menu-images/64ffec4406cca0140dfab831/511bb486-8eca-11ee-822b-2e111157d385_27775035.jpg",
      "categories": [
        "TRVANLIVÉ",
        "SLANÉ"
      ],
      "prices": [
        {
          "store_name": "Albert",
          "price": 39.9,
          "original_price": null,
          "unit_price": 306.92,
          "unit": "Kg",
          "package_size": "130 g",
          "condition": null
        }
      ],
      "description": null
    },
    {
      "name": "L´Oréal Paris Elseve Hyaluron hydratační sérum",
      "brand": "L'Oréal",
      "product_url": "https://wolt.com/cs/cze/prague/venue/albert-vinohradska/loreal-paris-elseve-hyaluron-hydratacni-serum-itemid-6601e32d01eef4f01fca2e30",
      "image_url": "https://imageproxy.wolt.com/menu/menu-images/6601c613e48d1c8d95333085/6955e668-eae4-11ee-a5f7-26602bd55ff2_27574386.jpg",
      "categories": [
        "DROGERIE A KOSMETIKA",
        "PÉČE O VLASY"
      ],
      "prices": [
        {
          "store_name": "Albert",
          "price": 199.0,
          "original_price": null,
          "unit_price": 1326.67,
          "unit": "l",
          "package_size": "150 ml",
          "condition": null
        }
      ],
      "description": null
    },
    {
      "name": "Whiskas Sterile s kuřecím",
      "brand": "Whiskas",
      "product_url": "https://wolt.com/cs/cze/prague/venue/albert-vinohradska/whiskas-sterile-s-kurecim-itemid-6601ec7ef0f9d316a6e682b5",
      "image_url": "https://imageproxy.wolt.com/menu/menu-images/6601c613e48d1c8d95333085/ef451a28-eae4-11ee-9b74-a2932bff438e_27730461.jpg",
      "categories": [
        "ZVÍŘATA",
        "KOČKY"
      ],
      "prices": [
        {
          "store_name": "Albert",
          "price": 109.9,
          "original_price": null,
          "unit_price": 78.5,
          "unit": "Kg",
          "package_size": "1,4 kg",
          "condition": null
        }
      ],
      "description": null
    },
    {
      "name": "Nivea Men Sensitive balzám po holení",
      "brand": "Nivea",
      "product_url": "https://wolt.com/cs/cze/prague/venue/albert-vinohradska/nivea-men-sensitive-balzam-po-holeni-itemid-64ca0b7cba162577de488f8f",
      "image_url": "https://imageproxy.wolt.com/menu/menu-images/63ad795db242366d1f818f36/26f084ec-0608-11ef-a976-e6c06b59be76_20329952.jpg",
      "categories": [
        "DROGERIE A KOSMETIKA",
        "PÁNSKÁ KOSMETIKA"
      ],
      "prices": [
        {
          "store_name": "Albert",
          "price": 319.0,
          "original_price": null,
          "unit_price": 3190.0,
          "unit": "l",
          "package_size": "100 ml",
          "condition": null
        }
      ],
      "description": null
    },
    {
      "name": "Donut s polevou, čokoládová příchuť",
      "brand": "Donut",
      "product_url": "https://wolt.com/cs/cze/prague/venue/albert-vinohradska/donut-s-polevou-cokoladova-prichut-itemid-64ca0b7cba162577de489157",
      "image_url": "https://imageproxy.wolt.com/menu/menu-images/64ffec4406cca0140dfab831/dcdf90e4-8eb3-11ee-8ff8-5a7762fb688d_25161861.jpg",
      "categories": [
        "PEKÁRNA A CUKRÁRNA",
        "SLADKÉ PEČIVO VOLNÉ"
      ],
      "prices": [
        {
          "store_name": "Albert",
          "price": null,
          "original_price": null,
          "unit_price": 190.91,
          "unit": "Kg",
          "package_size": "55 g",
          "condition": "Sleva"
        }
      ],
      "description": null
    },
    {
      "name": "Nature's Promise Zelí kysané bílé",
      "brand": "Nature's Promise",
      "product_url": "https://wolt.com/cs/cze/prague/venue/albert-vinohradska/nature-s-promise-zeli-kysane-bile-itemid-64ca0b7cba162577de4887eb",
      "image_url": "https://imageproxy.wolt.com/menu/menu-images/63ad795db242366d1f818f36/a35c214c-df7c-11ee-b3fc-c2293a393ca1_26602479.jpg",
      "categories": [
        "OVOCE A ZELENINA",
        "ZELENINA"
      ],
      "prices": [
        {
          "store_name": "Albert",
          "price": 32.9,
          "original_price": null,
          "unit_price": 65.8,
          "unit": "Kg",
          "package_size": "500 g",
          "condition": null
        }
      ],
      "description": null
    },
    {
      "name": "Perla Origins Sencha Zelený čaj sypaný",
      "brand": "Perla",
      "product_url": "https://wolt.com/cs/cze/prague/venue/albert-vinohradska/perla-origins-sencha-zeleny-caj-sypany-itemid-651c876455d56a59be17ab53",
      "image_url": "https://imageproxy.wolt.com/menu/menu-images/64ffec4406cca0140dfab831/ea7350c6-8eca-11ee-ac0b-a670774e69e5_27791349.jpg",
      "categories": [
        "NÁPOJE",
        "KÁVA A ČAJ"
      ],
      "prices": [
        {
          "store_name": "Albert",
          "price": 67.9,
          "original_price": null,
          "unit_price": 848.75,
          "unit": "Kg",
          "package_size": "80 g",
          "condition": null
        }
      ],
      "description": null
    },
    {
      "name": "Palette Color Creme černá",
      "brand": "Palette",
      "product_url": "https://wolt.com/cs/cze/prague/venue/albert-vinohradska/palette-color-creme-cerna-itemid-64ca0b7cba162577de489e3a",
      "image_url": "https://imageproxy.wolt.com/menu/menu-images/64ffec4406cca0140dfab831/bff3a0d0-8eb1-11ee-b2f4-b6077702759d_24511384.jpg",
      "categories": [
        "DROGERIE A KOSMETIKA",
        "PÉČE O VLASY"
      ],
      "prices": [
        {
          "store_name": "Albert",
          "price": 119.9,
          "original_price": null,
          "unit_price": 119.9,
          "unit": "ks",
          "package_size": "‪1‬ kus",
          "condition": null
        }
      ],
      "description": null
    },
    {
      "name": "Leros Imunita vitamín C šípek a rakytník",
      "brand": "Leros",
      "product_url": "https://wolt.com/cs/cze/prague/venue/albert-vinohradska/leros-imunita-vitamin-c-sipek-a-rakytnik-itemid-64ca0b7cba162577de489248",
      "image_url": "https://imageproxy.wolt.com/menu/menu-images/64ffec4406cca0140dfab831/5d2f3fa4-8ec5-11ee-bec6-7639dadf697f_27538173.jpg",
      "categories": [
        "NÁPOJE",
        "KÁVA A ČAJ"
      ],
      "prices": [
        {
          "store_name": "Albert",
          "price": null,
          "original_price": null,
          "unit_price": 1495.0,
          "unit": "Kg",
          "package_size": "20 g",
          "condition": "Sleva"
        }
      ],
      "description": null
    },
    {
      "name": "Nature's Promise Bio Mléko plnotučné čerstvé",
      "brand": "Nature's Promise",
      "product_url": "https://wolt.com/cs/cze/prague/venue/albert-vinohradska/nature-s-promise-bio-mleko-plnotucne-cerstve-itemid-64ca0b7cba162577de488cc5",
      "image_url": "https://imageproxy.wolt.com/menu/menu-images/64ffec4406cca0140dfab831/91ec152c-8eb2-11ee-b3cf-3ed0b25e551d_24827201.jpg",
      "categories": [
        "MLÉČNÉ A CHLAZENÉ",
        "MLÉČNÉ NÁPOJE"
      ],
      "prices": [
        {
          "store_name": "Albert",
          "price": null,
          "original_price": null,
          "unit_price": 29.9,
          "unit": "l",
          "package_size": "1 l",
          "condition": "Sleva"
        }
      ],
      "description": null
    },
    {
      "name": "Vitana Slovenské halušky",
      "brand": "Vitana",
      "product_url": "https://wolt.com/cs/cze/prague/venue/albert-vinohradska/vitana-slovenske-halusky-itemid-64ca0b7cba162577de489d22",
      "image_url": "https://imageproxy.wolt.com/menu/menu-images/64ffec4406cca0140dfab831/bc0e91be-8eac-11ee-92d1-f62fd0b321c8_20321963.jpg",
      "categories": [
        "TRVANLIVÉ",
        "PEČENÍ A VAŘENÍ"
      ],
      "prices": [
        {
          "store_name": "Albert",
          "price": 45.9,
          "original_price": null,
          "unit_price": 183.6,
          "unit": "Kg",
          "package_size": "250 g",
          "condition": null
        }
      ],
      "description": null
    },
    {
      "name": "Otma Gurmán Kečup extra jemný",
      "brand": "Otma",
      "product_url": "https://wolt.com/cs/cze/prague/venue/albert-vinohradska/otma-gurman-kecup-extra-jemny-itemid-64ca0b7cba162577de48824d",
      "image_url": "https://imageproxy.wolt.com/menu/menu-images/64ffec4406cca0140dfab831/73f6761c-8eac-11ee-a1eb-2a31a2186d9b_20305901.jpg",
      "categories": [
        "TRVANLIVÉ",
        "KEČUPY A HOŘČICE"
      ],
      "prices": [
        {
          "store_name": "Albert",
          "price": 79.9,
          "original_price": null,
          "unit_price": 153.65,
          "unit": "Kg",
          "package_size": "520 g",
          "condition": null
        }
      ],
      "description": null
    },
    {
      "name": "Dibeta Oplatky kokosové máčené",
      "brand": "Dibeta",
      "product_url": "https://wolt.com/cs/cze/prague/venue/albert-vinohradska/dibeta-oplatky-kokosove-macene-itemid-64ca0b7cba162577de48952f",
      "image_url": "https://imageproxy.wolt.com/menu/menu-images/63ad795db242366d1f818f36/c9f1a6de-7827-11f0-8873-329465d45e45_26972060.jpg",
      "categories": [
        "TRVANLIVÉ",
        "SLADKOSTI"
      ],
      "prices": [
        {
          "store_name": "Albert",
          "price": 16.9,
          "original_price": null,
          "unit_price": 497.06,
          "unit": "Kg",
          "package_size": "34 g",
          "condition": null
        }
      ],
      "description": null
    },
    {
      "name": "Albert Směs lahůdková",
      "brand": "Albert",
      "product_url": "https://wolt.com/cs/cze/prague/venue/albert-vinohradska/albert-smes-lahudkova-itemid-6876153a0c6218e9f3e5f415",
      "image_url": "https://imageproxy.wolt.com/menu/menu-images/64b62ec5e5ab70cdc92e30f0/e999bdc0-616e-11f0-965b-e60db7ea58df_24876858.jpg",
      "categories": [
        "MRAŽENÉ POTRAVINY",
        "MRAŽENÉ OVOCE A ZELENINA"
      ],
      "prices": [
        {
          "store_name": "Albert",
          "price": 28.9,
          "original_price": null,
          "unit_price": 82.57,
          "unit": "Kg",
          "package_size": "350 g",
          "condition": null
        }
      ],
      "description": null
    },
    {
      "name": "Bonduelle Créatif Duo zeleninová směs v nálevu",
      "brand": "Bonduelle",
      "product_url": "https://wolt.com/cs/cze/prague/venue/albert-vinohradska/bonduelle-creatif-duo-zeleninova-smes-v-nalevu-itemid-657233256818b938df947965",
      "image_url": "https://imageproxy.wolt.com/menu/menu-images/64ffec4406cca0140dfab831/c2a6ccd0-8eac-11ee-974a-f2309c23f2b6_20324025.jpg",
      "categories": [
        "TRVANLIVÉ",
        "KONZERVOVANÉ POTR."
      ],
      "prices": [
        {
          "store_name": "Albert",
          "price": 32.9,
          "original_price": null,
          "unit_price": 124.15,
          "unit": "Kg",
          "package_size": "265 g",
          "condition": null
        }
      ],
      "description": null
    },
    {
      "name": "Albert Toustový chléb světlý, krájený",
      "brand": "Albert",
      "product_url": "https://wolt.com/cs/cze/prague/venue/albert-vinohradska/albert-toustovy-chleb-svetly-krajeny-itemid-64ca0b7cba162577de489215",
      "image_url": "https://imageproxy.wolt.com/menu/menu-images/64ffec4406cca0140dfab831/8f3c0ae0-8eb1-11ee-b5fd-5a7762fb688d_24413725.jpg",
      "categories": [
        "PEKÁRNA A CUKRÁRNA",
        "CHLÉB BALENÝ"
      ],
      "prices": [
        {
          "store_name": "Albert",
          "price": 22.9,
          "original_price": null,
          "unit_price": 91.6,
          "unit": "Kg",
          "package_size": "250 g",
          "condition": null
        }
      ],
      "description": null
    },
    {
      "name": "Albert Vepřové nudličky",
      "brand": "Albert",
      "product_url": "https://wolt.com/cs/cze/prague/venue/albert-vinohradska/albert-veprove-nudlicky-itemid-657233256818b938df948862",
      "image_url": "https://imageproxy.wolt.com/menu/menu-images/64ffec4406cca0140dfab831/60eb1a86-8ecb-11ee-9dab-0aced5f44939_27805350.jpg",
      "categories": [
        "MASO A RYBY",
        "VEPŘOVÉ"
      ],
      "prices": [
        {
          "store_name": "Albert",
          "price": 99.9,
          "original_price": null,
          "unit_price": 222.0,
          "unit": "Kg",
          "package_size": "450 g",
          "condition": null
        }
      ],
      "description": null
    },
    {
      "name": "Kedlubna bílá ks",
      "brand": "Kedlubna",
      "product_url": "https://wolt.com/cs/cze/prague/venue/albert-vinohradska/kedlubna-bila-ks-itemid-64ca0b7cba162577de4885b3",
      "image_url": "https://imageproxy.wolt.com/menu/menu-images/64ffec4406cca0140dfab831/067415ee-8ead-11ee-8fd7-3a6355b6d69b_20450496.jpg",
      "categories": [
        "OVOCE A ZELENINA",
        "ZELENINA"
      ],
      "prices": [
        {
          "store_name": "Albert",
          "price": null,
          "original_price": null,
          "unit_price": 14.9,
          "unit": "ks",
          "package_size": "‪1‬ kus",
          "condition": "Sleva"
        }
      ],
      "description": null
    },
    {
      "name": "Tassimo Jacobs Caffè Crema XL kapsle",
      "brand": "Tassimo",
      "product_url": "https://wolt.com/cs/cze/prague/venue/albert-vinohradska/tassimo-jacobs-caffe-crema-xl-kapsle-itemid-64ca0b7cba162577de489d24",
      "image_url": "https://imageproxy.wolt.com/menu/menu-images/6745ec28c3b7723db3588430/126e4f98-da6b-11f0-b9f0-5205b9ee319d_25529128.jpg",
      "categories": [
        "NÁPOJE",
        "KÁVA A ČAJ"
      ],
      "prices": [
        {
          "store_name": "Albert",
          "price": 139.9,
          "original_price": null,
          "unit_price": 8.74,
          "unit": "ks",
          "package_size": "‪16‬ kusů",
          "condition": null
        }
      ],
      "description": null
    },
    {
      "name": "Toamo Kuchyňské utěrky dvouvrstvé",
      "brand": "Toamo",
      "product_url": "https://wolt.com/cs/cze/prague/venue/albert-vinohradska/toamo-kuchynske-uterky-dvouvrstve-itemid-657233256818b938df948686",
      "image_url": "https://imageproxy.wolt.com/menu/menu-images/64ffec4406cca0140dfab831/5957ebb6-8eba-11ee-ad03-3ed0b25e551d_26619552.jpg",
      "categories": [
        "DROGERIE A KOSMETIKA",
        "PAPÍROVÁ HYGIENA"
      ],
      "prices": [
        {
          "store_name": "Albert",
          "price": 22.9,
          "original_price": null,
          "unit_price": 1.04,
          "unit": "ks",
          "package_size": "‪22‬ kusů",
          "condition": null
        }
      ],
      "description": null
    },
    {
      "name": "Coca-Cola",
      "brand": "Coca-Cola",
      "product_url": "https://wolt.com/cs/cze/prague/venue/albert-vinohradska/coca-cola-itemid-64ca0b7cba162577de489607",
      "image_url": "https://imageproxy.wolt.com/menu/menu-images/64ffec4406cca0140dfab831/e4b5b1d8-8eac-11ee-a365-6acfb8ed3f7f_20404017.jpg",
      "categories": [
        "NÁPOJE",
        "LIMONÁDY"
      ],
      "prices": [
        {
          "store_name": "Albert",
          "price": 34.9,
          "original_price": null,
          "unit_price": 17.45,
          "unit": "l",
          "package_size": "2 l",
          "condition": null
        }
      ],
      "description": null
    },
    {
      "name": "Choceňský smetanový jogurt borůvka",
      "brand": "Choceňský",
      "product_url": "https://wolt.com/cs/cze/prague/venue/albert-vinohradska/chocensky-smetanovy-jogurt-boruvka-itemid-657233256818b938df947847",
      "image_url": "https://imageproxy.wolt.com/menu/menu-images/64ffec4406cca0140dfab831/b304d9fa-8eb8-11ee-8551-7a99d2fb2f9f_26207605.jpg",
      "categories": [
        "MLÉČNÉ A CHLAZENÉ",
        "JOGURTY A DEZERTY"
      ],
      "prices": [
        {
          "store_name": "Albert",
          "price": 18.9,
          "original_price": null,
          "unit_price": 126.0,
          "unit": "Kg",
          "package_size": "150 g",
          "condition": null
        }
      ],
      "description": null
    },
    {
      "name": "Harmony Soft White toaletní papír",
      "brand": "Harmony",
      "product_url": "https://wolt.com/cs/cze/prague/venue/albert-vinohradska/harmony-soft-white-toaletni-papir-itemid-64ca0b7cba162577de488d1d",
      "image_url": "https://imageproxy.wolt.com/menu/menu-images/63ad795db242366d1f818f36/9385ae6c-be3e-11f0-841c-76cc0dda4c56_25629729.jpg",
      "categories": [
        "DROGERIE A KOSMETIKA",
        "PAPÍROVÁ HYGIENA"
      ],
      "prices": [
        {
          "store_name": "Albert",
          "price": 99.9,
          "original_price": null,
          "unit_price": 0.71,
          "unit": "ks",
          "package_size": "‪140‬ kusů",
          "condition": null
        }
      ],
      "description": null
    },
    {
      "name": "Kunín Pohár mléčný dezert příchuť čokoláda",
      "brand": "Kunín",
      "product_url": "https://wolt.com/cs/cze/prague/venue/albert-vinohradska/kunin-pohar-mlecny-dezert-prichut-cokolada-itemid-64ca0b7cba162577de48953f",
      "image_url": "https://imageproxy.wolt.com/menu/menu-images/64ffec4406cca0140dfab831/8f64bef2-8eae-11ee-9374-0ac38c9dbe6d_22550385.jpg",
      "categories": [
        "MLÉČNÉ A CHLAZENÉ",
        "JOGURTY A DEZERTY"
      ],
      "prices": [
        {
          "store_name": "Albert",
          "price": 20.9,
          "original_price": null,
          "unit_price": 139.33,
          "unit": "Kg",
          "package_size": "150 g",
          "condition": null
        }
      ],
      "description": null
    },
    {
      "name": "Albert Jogurt bílý bifido",
      "brand": "Albert",
      "product_url": "https://wolt.com/cs/cze/prague/venue/albert-vinohradska/albert-jogurt-bily-bifido-itemid-64ca0b7cba162577de4883db",
      "image_url": "https://imageproxy.wolt.com/menu/menu-images/64ffec4406cca0140dfab831/84f8deb6-8eb4-11ee-85f0-1ec840397d06_25347302.jpg",
      "categories": [
        "MLÉČNÉ A CHLAZENÉ",
        "JOGURTY A DEZERTY"
      ],
      "prices": [
        {
          "store_name": "Albert",
          "price": 10.9,
          "original_price": null,
          "unit_price": 72.67,
          "unit": "Kg",
          "package_size": "150 g",
          "condition": null
        }
      ],
      "description": null
    },
    {
      "name": "Banány",
      "brand": "Banány",
      "product_url": "https://wolt.com/cs/cze/prague/venue/albert-vinohradska/banany-itemid-68b4adbee1b562517e73fff3",
      "image_url": "https://imageproxy.wolt.com/menu/menu-images/64b62ec5e5ab70cdc92e30f0/9a9c637c-3ecd-11ef-81e2-6e20a8a9797c_20443412.jpg",
      "categories": [
        "OVOCE A ZELENINA",
        "OVOCE"
      ],
      "prices": [
        {
          "store_name": "Albert",
          "price": 9.43,
          "original_price": null,
          "unit_price": null,
          "unit": null,
          "package_size": "~210 g",
          "condition": "Vyprodáno"
        }
      ],
      "description": null
    },
    {
      "name": "Albert Vegan Croissant proteinový",
      "brand": "Albert",
      "product_url": "https://wolt.com/cs/cze/prague/venue/albert-vinohradska/albert-vegan-croissant-proteinovy-itemid-6601fcbb9d152df703bfee2c",
      "image_url": "https://imageproxy.wolt.com/menu/menu-images/6601c613e48d1c8d95333085/649a34f2-eae5-11ee-bb90-f2c1f47dde5c_27834787.jpg",
      "categories": [
        "PEKÁRNA A CUKRÁRNA",
        "SLANÉ PEČIVO VOLNÉ"
      ],
      "prices": [
        {
          "store_name": "Albert",
          "price": null,
          "original_price": null,
          "unit_price": 148.33,
          "unit": "Kg",
          "package_size": "60 g",
          "condition": "Sleva"
        }
      ],
      "description": null
    },
    {
      "name": "Purina One Sterilcat Bohaté na kuře",
      "brand": "Purina",
      "product_url": "https://wolt.com/cs/cze/prague/venue/albert-vinohradska/purina-one-sterilcat-bohate-na-kure-itemid-64ca0b7cba162577de489fdb",
      "image_url": "https://imageproxy.wolt.com/menu/menu-images/63ad795db242366d1f818f36/add8e63e-5efa-11ef-b600-aeaa50f2410a_25865547.jpg",
      "categories": [
        "ZVÍŘATA",
        "KOČKY"
      ],
      "prices": [
        {
          "store_name": "Albert",
          "price": 159.0,
          "original_price": null,
          "unit_price": 198.75,
          "unit": "Kg",
          "package_size": "800 g",
          "condition": null
        }
      ],
      "description": null
    },
    {
      "name": "Zewa Deluxe Delicate Care toaletní papír",
      "brand": "Zewa",
      "product_url": "https://wolt.com/cs/cze/prague/venue/albert-vinohradska/zewa-deluxe-delicate-care-toaletni-papir-itemid-64ca0b7cba162577de488d11",
      "image_url": "https://imageproxy.wolt.com/menu/menu-images/63ad795db242366d1f818f36/3ca7564c-0b7d-11ef-9f41-4ea7fb954d1f_25113389.jpg",
      "categories": [
        "DROGERIE A KOSMETIKA",
        "PAPÍROVÁ HYGIENA"
      ],
      "prices": [
        {
          "store_name": "Albert",
          "price": 119.9,
          "original_price": null,
          "unit_price": 0.77,
          "unit": "ks",
          "package_size": "‪155‬ kusů",
          "condition": null
        }
      ],
      "description": null
    },
    {
      "name": "7Days Croissant náplň kakaová multipack",
      "brand": "7Days",
      "product_url": "https://wolt.com/cs/cze/prague/venue/albert-vinohradska/7days-croissant-napln-kakaova-multipack-itemid-657233256818b938df947d35",
      "image_url": "https://imageproxy.wolt.com/menu/menu-images/64ffec4406cca0140dfab831/7ea6c1e0-8eb9-11ee-b107-eadf6ce36c9d_26437156.jpg",
      "categories": [
        "PEKÁRNA A CUKRÁRNA",
        "SLADKÉ PEČIVO BALENÉ"
      ],
      "prices": [
        {
          "store_name": "Albert",
          "price": 53.9,
          "original_price": null,
          "unit_price": 291.35,
          "unit": "Kg",
          "package_size": "185 g",
          "condition": "Vyprodáno"
        }
      ],
      "description": null
    },
    {
      "name": "Hami Boloňské špagety",
      "brand": "Hami",
      "product_url": "https://wolt.com/cs/cze/prague/venue/albert-vinohradska/hami-bolonske-spagety-itemid-64ca0b7cba162577de489d99",
      "image_url": "https://imageproxy.wolt.com/menu/menu-images/64ffec4406cca0140dfab831/49091b8a-8eb1-11ee-ae52-7217cc85b990_24267823.jpg",
      "categories": [
        "DÍTĚ",
        "VÝŽIVA"
      ],
      "prices": [
        {
          "store_name": "Albert",
          "price": 31.9,
          "original_price": null,
          "unit_price": 127.6,
          "unit": "Kg",
          "package_size": "250 g",
          "condition": null
        }
      ],
      "description": null
    },
    {
      "name": "Albert Excellent Gruyére AOP 48%",
      "brand": "Albert Excellent",
      "product_url": "https://wolt.com/cs/cze/prague/venue/albert-vinohradska/albert-excellent-gruyere-aop-48-itemid-657233256818b938df947d83",
      "image_url": "https://imageproxy.wolt.com/menu/menu-images/63ad795db242366d1f818f36/3fb53cdc-9796-11ef-8888-72d566dc4a93_26120157.jpg",
      "categories": [
        "MLÉČNÉ A CHLAZENÉ",
        "SÝRY"
      ],
      "prices": [
        {
          "store_name": "Albert",
          "price": 110.33,
          "original_price": null,
          "unit_price": null,
          "unit": null,
          "package_size": null,
          "condition": "Vyprodáno"
        }
      ],
      "description": null
    },
    {
      "name": "Celihope Kokosová oplatka",
      "brand": "Celihope",
      "product_url": "https://wolt.com/cs/cze/prague/venue/albert-vinohradska/celihope-kokosova-oplatka-itemid-657233256818b938df948a98",
      "image_url": "https://imageproxy.wolt.com/menu/menu-images/64ffec4406cca0140dfab831/7ef1bf5e-8eca-11ee-ba94-b649ab0f849e_27778548.jpg",
      "categories": [
        "TRVANLIVÉ",
        "SPECIÁLNÍ"
      ],
      "prices": [
        {
          "store_name": "Albert",
          "price": 19.9,
          "original_price": null,
          "unit_price": 585.29,
          "unit": "Kg",
          "package_size": "34 g",
          "condition": null
        }
      ],
      "description": null
    },
    {
      "name": "Nivea Black & White Clear Antiperspirant sprej",
      "brand": "Nivea",
      "product_url": "https://wolt.com/cs/cze/prague/venue/albert-vinohradska/nivea-black-white-clear-antiperspirant-sprej-itemid-6601e815855bf8084aa84571",
      "image_url": "https://imageproxy.wolt.com/menu/menu-images/63ad795db242366d1f818f36/35e49f70-26ff-11ef-96b4-d693e528d271_25190014.jpg",
      "categories": [
        "DROGERIE A KOSMETIKA",
        "DEODORANTY"
      ],
      "prices": [
        {
          "store_name": "Albert",
          "price": 89.9,
          "original_price": null,
          "unit_price": 599.33,
          "unit": "l",
          "package_size": "150 ml",
          "condition": null
        }
      ],
      "description": null
    },
    {
      "name": "Savo Original dezinfekce voda a povrchy",
      "brand": "Savo",
      "product_url": "https://wolt.com/cs/cze/prague/venue/albert-vinohradska/savo-original-dezinfekce-voda-a-povrchy-itemid-64ca0b7cba162577de488e71",
      "image_url": "https://imageproxy.wolt.com/menu/menu-images/63ad795db242366d1f818f36/e304a1fc-b45c-11ee-a381-96404675e707_27245576.jpg",
      "categories": [
        "DROGERIE A KOSMETIKA",
        "ČISTÍCÍ PROSTŘEDKY"
      ],
      "prices": [
        {
          "store_name": "Albert",
          "price": null,
          "original_price": null,
          "unit_price": 49.92,
          "unit": "l",
          "package_size": "1,2 l",
          "condition": "Sleva, Věkové omezení"
        }
      ],
      "description": null
    },
    {
      "name": "Nivea sprchový gel Diamond & Argan Oil",
      "brand": "Nivea",
      "product_url": "https://wolt.com/cs/cze/prague/venue/albert-vinohradska/nivea-sprchovy-gel-diamond-argan-oil-itemid-657233256818b938df947a1f",
      "image_url": "https://imageproxy.wolt.com/menu/menu-images/64ffec4406cca0140dfab831/70e56f00-8ebb-11ee-bace-be2d1bdd5ebf_26772578.jpg",
      "categories": [
        "DROGERIE A KOSMETIKA",
        "MÝDLA A GELY"
      ],
      "prices": [
        {
          "store_name": "Albert",
          "price": 119.9,
          "original_price": null,
          "unit_price": 239.8,
          "unit": "l",
          "package_size": "500 ml",
          "condition": null
        }
      ],
      "description": null
    },
    {
      "name": "Seeberger Mango sušené",
      "brand": "Seeberger",
      "product_url": "https://wolt.com/cs/cze/prague/venue/albert-vinohradska/seeberger-mango-susene-itemid-64ca0b7cba162577de488edb",
      "image_url": "https://imageproxy.wolt.com/menu/menu-images/64ffec4406cca0140dfab831/69505a30-8eb5-11ee-8f7c-2a789dffa3ae_25547825.jpg",
      "categories": [
        "OVOCE A ZELENINA",
        "SUCHÉ PLODY"
      ],
      "prices": [
        {
          "store_name": "Albert",
          "price": 99.9,
          "original_price": null,
          "unit_price": 999.0,
          "unit": "Kg",
          "package_size": "100 g",
          "condition": null
        }
      ],
      "description": null
    },
    {
      "name": "Fine Crispy Snack cibule a smetana",
      "brand": "Fine",
      "product_url": "https://wolt.com/cs/cze/prague/venue/albert-vinohradska/fine-crispy-snack-cibule-a-smetana-itemid-64ca0b7cba162577de48944f",
      "image_url": "https://imageproxy.wolt.com/menu/menu-images/64ffec4406cca0140dfab831/d5c2105c-8ebd-11ee-935a-1299365deb04_26972114.jpg",
      "categories": [
        "TRVANLIVÉ",
        "SLANÉ"
      ],
      "prices": [
        {
          "store_name": "Albert",
          "price": 26.9,
          "original_price": null,
          "unit_price": 206.92,
          "unit": "Kg",
          "package_size": "130 g",
          "condition": null
        }
      ],
      "description": null
    },
    {
      "name": "Emma Ananas plátky",
      "brand": "Emma",
      "product_url": "https://wolt.com/cs/cze/prague/venue/albert-vinohradska/emma-ananas-platky-itemid-64ca0b7cba162577de4889a5",
      "image_url": "https://imageproxy.wolt.com/menu/menu-images/63ad795db242366d1f818f36/ff4ef498-d995-11ef-b4db-0213c139ed5a_23706972.jpg",
      "categories": [
        "OVOCE A ZELENINA",
        "SUCHÉ PLODY"
      ],
      "prices": [
        {
          "store_name": "Albert",
          "price": 46.9,
          "original_price": null,
          "unit_price": 312.67,
          "unit": "Kg",
          "package_size": "150 g",
          "condition": null
        }
      ],
      "description": null
    },
    {
      "name": "Česká chuť Pečená slanina krájená",
      "brand": "Česká chuť",
      "product_url": "https://wolt.com/cs/cze/prague/venue/albert-vinohradska/ceska-chut-pecena-slanina-krajena-itemid-64ca0b7cba162577de489103",
      "image_url": "https://imageproxy.wolt.com/menu/menu-images/64ffec4406cca0140dfab831/ed9b7ba8-8ec4-11ee-b470-52a4ddf1765f_27511220.jpg",
      "categories": [
        "UZENINY A LAHŮDKY",
        "ŠUNKY A SLANINY"
      ],
      "prices": [
        {
          "store_name": "Albert",
          "price": 42.9,
          "original_price": null,
          "unit_price": 429.0,
          "unit": "Kg",
          "package_size": "100 g",
          "condition": null
        }
      ],
      "description": null
    },
    {
      "name": "Česká chuť Knedlík lázeňský",
      "brand": "Česká chuť",
      "product_url": "https://wolt.com/cs/cze/prague/venue/albert-vinohradska/ceska-chut-knedlik-lazensky-itemid-64ca0b7cba162577de489615",
      "image_url": "https://imageproxy.wolt.com/menu/menu-images/64ffec4406cca0140dfab831/d8a8fa4e-8ebb-11ee-bdc0-36c5709726f2_26808352.jpg",
      "categories": [
        "UZENINY A LAHŮDKY",
        "HOTOVKY A PŘÍLOHY"
      ],
      "prices": [
        {
          "store_name": "Albert",
          "price": 53.9,
          "original_price": null,
          "unit_price": 107.8,
          "unit": "Kg",
          "package_size": "500 g",
          "condition": null
        }
      ],
      "description": null
    },
    {
      "name": "San Benedetto Pomeranč Zero",
      "brand": "San",
      "product_url": "https://wolt.com/cs/cze/prague/venue/albert-vinohradska/san-benedetto-pomeranc-zero-itemid-657233256818b938df948978",
      "image_url": "https://imageproxy.wolt.com/menu/menu-images/64ffec4406cca0140dfab831/74107146-8ec7-11ee-844c-46b0bb5ce808_27658680.jpg",
      "categories": [
        "NÁPOJE",
        "VODY A MINERÁLKY"
      ],
      "prices": [
        {
          "store_name": "Albert",
          "price": 41.9,
          "original_price": null,
          "unit_price": 55.87,
          "unit": "l",
          "package_size": "750 ml",
          "condition": null
        }
      ],
      "description": null
    },
    {
      "name": "Hovězí přední kližka bez kosti",
      "brand": "Hovězí",
      "product_url": "https://wolt.com/cs/cze/prague/venue/albert-vinohradska/hovezi-predni-klizka-bez-kosti-itemid-64ca0b7cba162577de4889d3",
      "image_url": "https://imageproxy.wolt.com/menu/menu-images/63ad795db242366d1f818f36/baf8f5ca-ed43-11ef-a7aa-06245b475b2f_22839862.jpg",
      "categories": [
        "MASO A RYBY",
        "HOVĚZÍ A TELECÍ"
      ],
      "prices": [
        {
          "store_name": "Albert",
          "price": null,
          "original_price": null,
          "unit_price": null,
          "unit": null,
          "package_size": null,
          "condition": "Sleva, Vyprodáno"
        }
      ],
      "description": null
    },
    {
      "name": "KitKat Cereálie",
      "brand": "KitKat",
      "product_url": "https://wolt.com/cs/cze/prague/venue/albert-vinohradska/kitkat-cerealie-itemid-6602009fa51566a88b0b0511",
      "image_url": "https://imageproxy.wolt.com/menu/menu-images/6601c613e48d1c8d95333085/1de99a20-eae5-11ee-9524-c27cc33af372_27785195.jpg",
      "categories": [
        "TRVANLIVÉ",
        "MÜSLI A CEREÁLIE"
      ],
      "prices": [
        {
          "store_name": "Albert",
          "price": 119.9,
          "original_price": null,
          "unit_price": 363.33,
          "unit": "Kg",
          "package_size": "330 g",
          "condition": "Vyprodáno"
        }
      ],
      "description": null
    },
    {
      "name": "Ahmad Tea English breakfast černý čaj",
      "brand": "Ahmad",
      "product_url": "https://wolt.com/cs/cze/prague/venue/albert-vinohradska/ahmad-tea-english-breakfast-cerny-caj-itemid-64ca0b7cba162577de489ea5",
      "image_url": "https://imageproxy.wolt.com/menu/menu-images/63ad795db242366d1f818f36/5cb70a9a-8e26-11f0-b3c2-c26505f0e6a2_23729070.jpg",
      "categories": [
        "NÁPOJE",
        "KÁVA A ČAJ"
      ],
      "prices": [
        {
          "store_name": "Albert",
          "price": 194.0,
          "original_price": null,
          "unit_price": 970.0,
          "unit": "Kg",
          "package_size": "200 g",
          "condition": null
        }
      ],
      "description": null
    },
    {
      "name": "Dettol antibakteriální gel na ruce",
      "brand": "Dettol",
      "product_url": "https://wolt.com/cs/cze/prague/venue/albert-vinohradska/dettol-antibakterialni-gel-na-ruce-itemid-64ca0b7cba162577de48a10b",
      "image_url": "https://imageproxy.wolt.com/menu/menu-images/64ffec4406cca0140dfab831/38ea08c8-8ebf-11ee-80fb-06cf0d3d89bd_27103494.jpg",
      "categories": [
        "DROGERIE A KOSMETIKA",
        "MÝDLA A GELY"
      ],
      "prices": [
        {
          "store_name": "Albert",
          "price": 89.9,
          "original_price": null,
          "unit_price": 1798.0,
          "unit": "l",
          "package_size": "50 ml",
          "condition": "Vyprodáno"
        }
      ],
      "description": null
    },
    {
      "name": "Kostíci Klauníci jogurt jahodový",
      "brand": "Kostíci",
      "product_url": "https://wolt.com/cs/cze/prague/venue/albert-vinohradska/kostici-klaunici-jogurt-jahodovy-itemid-657233256818b938df94784c",
      "image_url": "https://imageproxy.wolt.com/menu/menu-images/63ad795db242366d1f818f36/8b3d9b24-2183-11ef-9194-4efd4eb9eda3_27299852.jpg",
      "categories": [
        "MLÉČNÉ A CHLAZENÉ",
        "JOGURTY A DEZERTY"
      ],
      "prices": [
        {
          "store_name": "Albert",
          "price": 21.9,
          "original_price": null,
          "unit_price": 200.92,
          "unit": "Kg",
          "package_size": "109 g",
          "condition": null
        }
      ],
      "description": null
    },
    {
      "name": "Desperados Mojito",
      "brand": "Desperados",
      "product_url": "https://wolt.com/cs/cze/prague/venue/albert-vinohradska/desperados-mojito-itemid-64ca0b7cba162577de489854",
      "image_url": "https://imageproxy.wolt.com/menu/menu-images/64ffec4406cca0140dfab831/894cfb22-92e3-11ee-8944-fe96c60804a3_27279250.jpg",
      "categories": [
        "NÁPOJE",
        "PIVA"
      ],
      "prices": [
        {
          "store_name": "Albert",
          "price": 34.9,
          "original_price": null,
          "unit_price": 69.8,
          "unit": "l",
          "package_size": "500 ml, 5,9% alc",
          "condition": "18+"
        }
      ],
      "description": null
    },
    {
      "name": "Nature's Promise Jablečné sušenky bez lepku",
      "brand": "Nature's Promise",
      "product_url": "https://wolt.com/cs/cze/prague/venue/albert-vinohradska/nature-s-promise-jablecne-susenky-bez-lepku-itemid-6601f6b61ed0edb22dfd2f55",
      "image_url": "https://imageproxy.wolt.com/menu/menu-images/6601c613e48d1c8d95333085/6b6d26b8-eae5-11ee-9d7a-767946bf8e19_27839973.jpg",
      "categories": [
        "OVOCE A ZELENINA",
        "SUCHÉ PLODY"
      ],
      "prices": [
        {
          "store_name": "Albert",
          "price": null,
          "original_price": null,
          "unit_price": 361.82,
          "unit": "Kg",
          "package_size": "55 g",
          "condition": "Sleva"
        }
      ],
      "description": null
    },
    {
      "name": "Proud Pivo Ležák",
      "brand": "Proud",
      "product_url": "https://wolt.com/cs/cze/prague/venue/albert-vinohradska/proud-pivo-lezak-itemid-6601f17b4a8afaf2fbd6a379",
      "image_url": "https://imageproxy.wolt.com/menu/menu-images/6601c613e48d1c8d95333085/a2bc9842-eae5-11ee-aa8c-0a57c3b26f42_27852972.jpg",
      "categories": [
        "NÁPOJE",
        "PIVA"
      ],
      "prices": [
        {
          "store_name": "Albert",
          "price": 31.9,
          "original_price": null,
          "unit_price": 63.8,
          "unit": "l",
          "package_size": "500 ml, 3,9% alc",
          "condition": "18+"
        }
      ],
      "description": null
    },
    {
      "name": "Red bull Green s příchutí Curuba a bezový květ",
      "brand": "Red",
      "product_url": "https://wolt.com/cs/cze/prague/venue/albert-vinohradska/red-bull-green-s-prichuti-curuba-a-bezovy-kvet-itemid-681b5abffcbd67bf7a8f4af7",
      "image_url": "https://imageproxy.wolt.com/menu/menu-images/63ad795db242366d1f818f36/e883ba92-2b47-11f0-a08e-deaa18cb583f_27976081.jpg",
      "categories": [
        "NÁPOJE",
        "ENERGY NÁPOJE"
      ],
      "prices": [
        {
          "store_name": "Albert",
          "price": 32.9,
          "original_price": null,
          "unit_price": 131.6,
          "unit": "l",
          "package_size": "250 ml",
          "condition": null
        }
      ],
      "description": null
    },
    {
      "name": "Barilla Fusilli N °98",
      "brand": "Barilla",
      "product_url": "https://wolt.com/cs/cze/prague/venue/albert-vinohradska/barilla-fusilli-n-98-itemid-64ca0b7cba162577de48902f",
      "image_url": "https://imageproxy.wolt.com/menu/menu-images/64ffec4406cca0140dfab831/c0db1e50-8ead-11ee-aea0-8ad395db8b90_21210716.jpg",
      "categories": [
        "TRVANLIVÉ",
        "TĚSTOVINY A KUSKUS"
      ],
      "prices": [
        {
          "store_name": "Albert",
          "price": 64.9,
          "original_price": null,
          "unit_price": 129.8,
          "unit": "Kg",
          "package_size": "500 g",
          "condition": null
        }
      ],
      "description": null
    },
    {
      "name": "Lučina Svěží",
      "brand": "Lučina",
      "product_url": "https://wolt.com/cs/cze/prague/venue/albert-vinohradska/lucina-svezi-itemid-64ca0b7cba162577de489091",
      "image_url": "https://imageproxy.wolt.com/menu/menu-images/63ad795db242366d1f818f36/5f8959b2-8e26-11f0-a6cd-9a3c3981174e_24593007.jpg",
      "categories": [
        "MLÉČNÉ A CHLAZENÉ",
        "SÝRY"
      ],
      "prices": [
        {
          "store_name": "Albert",
          "price": null,
          "original_price": null,
          "unit_price": 273.75,
          "unit": "Kg",
          "package_size": "80 g",
          "condition": "Sleva"
        }
      ],
      "description": null
    },
    {
      "name": "Dr. Oetker 100% vaječné bílky",
      "brand": "Dr. Oetker",
      "product_url": "https://wolt.com/cs/cze/prague/venue/albert-vinohradska/dr-oetker-100-vajecne-bilky-itemid-660201419c699670bed0acfc",
      "image_url": "https://imageproxy.wolt.com/menu/menu-images/63ad795db242366d1f818f36/34c4caac-a8ea-11f0-9dc4-aa60111f8a4f_27735640.jpg",
      "categories": [
        "TRVANLIVÉ",
        "PEČENÍ A VAŘENÍ"
      ],
      "prices": [
        {
          "store_name": "Albert",
          "price": 38.9,
          "original_price": null,
          "unit_price": 2593.33,
          "unit": "Kg",
          "package_size": "15 g",
          "condition": null
        }
      ],
      "description": null
    },
    {
      "name": "Opavia Zlaté věnečky kakaové",
      "brand": "Opavia",
      "product_url": "https://wolt.com/cs/cze/prague/venue/albert-vinohradska/opavia-zlate-venecky-kakaove-itemid-64ca0b7cba162577de48916b",
      "image_url": "https://imageproxy.wolt.com/menu/menu-images/64ffec4406cca0140dfab831/39817f04-8eac-11ee-803a-3e3f8d1903a2_20300012.jpg",
      "categories": [
        "TRVANLIVÉ",
        "SLADKOSTI"
      ],
      "prices": [
        {
          "store_name": "Albert",
          "price": 35.9,
          "original_price": null,
          "unit_price": 239.33,
          "unit": "Kg",
          "package_size": "150 g",
          "condition": null
        }
      ],
      "description": null
    },
    {
      "name": "Galbani Mascarpone",
      "brand": "Galbani",
      "product_url": "https://wolt.com/cs/cze/prague/venue/albert-vinohradska/galbani-mascarpone-itemid-64ca0b7cba162577de488167",
      "image_url": "https://imageproxy.wolt.com/menu/menu-images/64ffec4406cca0140dfab831/19a8a994-8eae-11ee-b1c4-ca6029740ad7_21712784.jpg",
      "categories": [
        "MLÉČNÉ A CHLAZENÉ",
        "SÝRY"
      ],
      "prices": [
        {
          "store_name": "Albert",
          "price": null,
          "original_price": null,
          "unit_price": 311.6,
          "unit": "Kg",
          "package_size": "250 g",
          "condition": "Sleva"
        }
      ],
      "description": null
    },
    {
      "name": "Šnek Bob Jablečno jahodové rolky",
      "brand": null,
      "product_url": "https://wolt.com/cs/cze/prague/venue/albert-vinohradska/snek-bob-jablecno-jahodove-rolky-itemid-657233256818b938df9478a2",
      "image_url": "https://imageproxy.wolt.com/menu/menu-images/63ad795db242366d1f818f36/d639de02-7827-11f0-a178-a6c45597399a_27165362.jpg",
      "categories": [
        "TRVANLIVÉ",
        "SLADKOSTI"
      ],
      "prices": [
        {
          "store_name": "Albert",
          "price": 34.9,
          "original_price": null,
          "unit_price": 1163.33,
          "unit": "Kg",
          "package_size": "30 g",
          "condition": null
        }
      ],
      "description": null
    },
    {
      "name": "Albert Zavináče v nálevu",
      "brand": "Albert",
      "product_url": "https://wolt.com/cs/cze/prague/venue/albert-vinohradska/albert-zavinace-v-nalevu-itemid-64ca0b7cba162577de488871",
      "image_url": "https://imageproxy.wolt.com/menu/menu-images/64ffec4406cca0140dfab831/a26c1d38-8ec2-11ee-a022-3a9a41c1cb36_27314364.jpg",
      "categories": [
        "UZENINY A LAHŮDKY",
        "RYBÍ SPECIALITY"
      ],
      "prices": [
        {
          "store_name": "Albert",
          "price": 59.9,
          "original_price": null,
          "unit_price": 149.75,
          "unit": "Kg",
          "package_size": "400 g",
          "condition": null
        }
      ],
      "description": null
    },
    {
      "name": "Habánské sklepy Frankovka",
      "brand": "Habánské sklepy",
      "product_url": "https://wolt.com/cs/cze/prague/venue/albert-vinohradska/habanske-sklepy-frankovka-itemid-657233256818b938df948728",
      "image_url": "https://imageproxy.wolt.com/menu/menu-images/64ffec4406cca0140dfab831/a06322ca-8eae-11ee-b198-ee002dc5ca71_22634160.jpg",
      "categories": [
        "NÁPOJE",
        "VÍNA"
      ],
      "prices": [
        {
          "store_name": "Albert",
          "price": 119.9,
          "original_price": null,
          "unit_price": 159.87,
          "unit": "l",
          "package_size": "750 ml, 12,5% alc",
          "condition": "18+"
        }
      ],
      "description": null
    },
    {
      "name": "Lagris Rýže parboiled varné sáčky",
      "brand": "Lagris",
      "product_url": "https://wolt.com/cs/cze/prague/venue/albert-vinohradska/lagris-ryze-parboiled-varne-sacky-itemid-657233256818b938df947a4b",
      "image_url": "https://imageproxy.wolt.com/menu/menu-images/64ffec4406cca0140dfab831/c4c8faf8-8eaf-11ee-a75c-56164190c6db_23516441.jpg",
      "categories": [
        "TRVANLIVÉ",
        "RÝŽE A LUŠTENINY"
      ],
      "prices": [
        {
          "store_name": "Albert",
          "price": 74.9,
          "original_price": null,
          "unit_price": 93.63,
          "unit": "Kg",
          "package_size": "800 g",
          "condition": null
        }
      ],
      "description": null
    },
    {
      "name": "DrWitt Relax Černý rybíz, brusinky a ibišek",
      "brand": "DrWitt",
      "product_url": "https://wolt.com/cs/cze/prague/venue/albert-vinohradska/drwitt-relax-cerny-rybiz-brusinky-a-ibisek-itemid-64ca0b7cba162577de489a0f",
      "image_url": "https://imageproxy.wolt.com/menu/menu-images/64ffec4406cca0140dfab831/89301034-8ebf-11ee-acc6-fea1896da317_27123256.jpg",
      "categories": [
        "NÁPOJE",
        "ENERGY NÁPOJE"
      ],
      "prices": [
        {
          "store_name": "Albert",
          "price": 31.9,
          "original_price": null,
          "unit_price": 42.53,
          "unit": "l",
          "package_size": "750 ml",
          "condition": null
        }
      ],
      "description": null
    },
    {
      "name": "Emma Sezamová semínka",
      "brand": "Emma",
      "product_url": "https://wolt.com/cs/cze/prague/venue/albert-vinohradska/emma-sezamova-seminka-itemid-64ca0b7cba162577de4880c3",
      "image_url": "https://imageproxy.wolt.com/menu/menu-images/63ad795db242366d1f818f36/8b1edfe8-9796-11ef-be62-de90900279d2_23712164.jpg",
      "categories": [
        "OVOCE A ZELENINA",
        "SUCHÉ PLODY"
      ],
      "prices": [
        {
          "store_name": "Albert",
          "price": 18.9,
          "original_price": null,
          "unit_price": 189.0,
          "unit": "Kg",
          "package_size": "100 g",
          "condition": null
        }
      ],
      "description": null
    },
    {
      "name": "Pally Digestive Celozrnné sušenky",
      "brand": "Pally",
      "product_url": "https://wolt.com/cs/cze/prague/venue/albert-vinohradska/pally-digestive-celozrnne-susenky-itemid-64ca0b7cba162577de48a031",
      "image_url": "https://imageproxy.wolt.com/menu/menu-images/64ffec4406cca0140dfab831/73ad76b4-8eb7-11ee-9bf5-7a4dcb26504b_25934168.jpg",
      "categories": [
        "TRVANLIVÉ",
        "SLADKOSTI"
      ],
      "prices": [
        {
          "store_name": "Albert",
          "price": 69.9,
          "original_price": null,
          "unit_price": 174.75,
          "unit": "Kg",
          "package_size": "400 g",
          "condition": null
        }
      ],
      "description": null
    },
    {
      "name": "Artesie Cola",
      "brand": "Artesie",
      "product_url": "https://wolt.com/cs/cze/prague/venue/albert-vinohradska/artesie-cola-itemid-64ca0b7cba162577de48902b",
      "image_url": "https://imageproxy.wolt.com/menu/menu-images/63ad795db242366d1f818f36/46414570-765b-11ef-b6c1-5e8ce13ac3e8_25797978.jpg",
      "categories": [
        "NÁPOJE",
        "LIMONÁDY"
      ],
      "prices": [
        {
          "store_name": "Albert",
          "price": 9.9,
          "original_price": null,
          "unit_price": 4.95,
          "unit": "l",
          "package_size": "2 l",
          "condition": null
        }
      ],
      "description": null
    },
    {
      "name": "Austria Mozart Kugeln Čokoládové pralinky",
      "brand": "Austria",
      "product_url": "https://wolt.com/cs/cze/prague/venue/albert-vinohradska/austria-mozart-kugeln-cokoladove-pralinky-itemid-64ca0b7cba162577de488227",
      "image_url": "https://imageproxy.wolt.com/menu/menu-images/64ffec4406cca0140dfab831/6cb8cac6-8eb6-11ee-8bfe-662d260bbeaa_25745207.jpg",
      "categories": [
        "TRVANLIVÉ",
        "SLADKOSTI"
      ],
      "prices": [
        {
          "store_name": "Albert",
          "price": 44.9,
          "original_price": null,
          "unit_price": 303.38,
          "unit": "Kg",
          "package_size": "148 g",
          "condition": null
        }
      ],
      "description": null
    },
    {
      "name": "Choceňské tradiční pomazánkové s pažitkou",
      "brand": "Choceňské",
      "product_url": "https://wolt.com/cs/cze/prague/venue/albert-vinohradska/chocenske-tradicni-pomazankove-s-pazitkou-itemid-657233256818b938df947bb1",
      "image_url": "https://imageproxy.wolt.com/menu/menu-images/64ffec4406cca0140dfab831/bbafd6ea-8eb3-11ee-a00e-e6fbf8d3c3b0_25118599.jpg",
      "categories": [
        "MLÉČNÉ A CHLAZENÉ",
        "MÁSLO A TUKY"
      ],
      "prices": [
        {
          "store_name": "Albert",
          "price": 43.9,
          "original_price": null,
          "unit_price": 292.67,
          "unit": "Kg",
          "package_size": "150 g",
          "condition": null
        }
      ],
      "description": null
    },
    {
      "name": "Pribináček Kapsík jahoda",
      "brand": "Pribináček",
      "product_url": "https://wolt.com/cs/cze/prague/venue/albert-vinohradska/pribinacek-kapsik-jahoda-itemid-64ca0b7cba162577de4891ea",
      "image_url": "https://imageproxy.wolt.com/menu/menu-images/64ffec4406cca0140dfab831/183913c2-8ec3-11ee-828a-222205837f4e_27350621.jpg",
      "categories": [
        "MLÉČNÉ A CHLAZENÉ",
        "JOGURTY A DEZERTY"
      ],
      "prices": [
        {
          "store_name": "Albert",
          "price": 19.9,
          "original_price": null,
          "unit_price": 284.29,
          "unit": "Kg",
          "package_size": "70 g",
          "condition": null
        }
      ],
      "description": null
    },
    {
      "name": "Čočkové chipsy Sweet Chilli",
      "brand": "Čočkové",
      "product_url": "https://wolt.com/cs/cze/prague/venue/albert-vinohradska/cockove-chipsy-sweet-chilli-itemid-66021269ea57e19898bf9b7e",
      "image_url": "https://imageproxy.wolt.com/menu/menu-images/6601c613e48d1c8d95333085/a2a4b376-eae5-11ee-97af-86ed91a9399a_27853351.jpg",
      "categories": [
        "TRVANLIVÉ",
        "SLANÉ"
      ],
      "prices": [
        {
          "store_name": "Albert",
          "price": 29.5,
          "original_price": null,
          "unit_price": 453.85,
          "unit": "Kg",
          "package_size": "65 g",
          "condition": null
        }
      ],
      "description": null
    },
    {
      "name": "Albert Špagety Carbonara",
      "brand": "Albert",
      "product_url": "https://wolt.com/cs/cze/prague/venue/albert-vinohradska/albert-spagety-carbonara-itemid-681b5abffcbd67bf7a8f49d1",
      "image_url": "https://imageproxy.wolt.com/menu/menu-images/63ad795db242366d1f818f36/9dc50844-2b47-11f0-801d-8ac8cf714c1b_27937174.jpg",
      "categories": [
        "UZENINY A LAHŮDKY",
        "HOTOVKY A PŘÍLOHY"
      ],
      "prices": [
        {
          "store_name": "Albert",
          "price": 79.9,
          "original_price": null,
          "unit_price": 199.75,
          "unit": "Kg",
          "package_size": "400 g",
          "condition": null
        }
      ],
      "description": null
    },
    {
      "name": "Nutrilon Advanced 2, 6-12 měsíců",
      "brand": "Nutrilon",
      "product_url": "https://wolt.com/cs/cze/prague/venue/albert-vinohradska/nutrilon-advanced-2-6-12-mesicu-itemid-64ca0b7cba162577de489e6f",
      "image_url": "https://imageproxy.wolt.com/menu/menu-images/64ffec4406cca0140dfab831/af24f4de-8eb1-11ee-af7f-be8c16d2d45a_24486507.jpg",
      "categories": [
        "DÍTĚ",
        "VÝŽIVA"
      ],
      "prices": [
        {
          "store_name": "Albert",
          "price": null,
          "original_price": null,
          "unit_price": 497.5,
          "unit": "Kg",
          "package_size": "800 g",
          "condition": "Sleva"
        }
      ],
      "description": null
    },
    {
      "name": "Albert Excellent Tapas Kozí sýr kostky",
      "brand": "Albert Excellent",
      "product_url": "https://wolt.com/cs/cze/prague/venue/albert-vinohradska/albert-excellent-tapas-kozi-syr-kostky-itemid-66022715c926e7f9b3111546",
      "image_url": "https://imageproxy.wolt.com/menu/menu-images/6745ec28c3b7723db3588430/61f966c8-eb01-11f0-8029-aa62d882a86a_27730379.jpg",
      "categories": [
        "UZENINY A LAHŮDKY",
        "TAPAS"
      ],
      "prices": [
        {
          "store_name": "Albert",
          "price": 89.0,
          "original_price": null,
          "unit_price": 741.67,
          "unit": "Kg",
          "package_size": "120 g",
          "condition": null
        }
      ],
      "description": null
    },
    {
      "name": "Vitana Ryby",
      "brand": "Vitana",
      "product_url": "https://wolt.com/cs/cze/prague/venue/albert-vinohradska/vitana-ryby-itemid-64ca0b7cba162577de489655",
      "image_url": "https://imageproxy.wolt.com/menu/menu-images/64ffec4406cca0140dfab831/d4930662-8eba-11ee-9612-fe2992cf6bd0_26685199.jpg",
      "categories": [
        "TRVANLIVÉ",
        "KOŘENÍ A OCHUCOVADLA"
      ],
      "prices": [
        {
          "store_name": "Albert",
          "price": 15.9,
          "original_price": null,
          "unit_price": 567.86,
          "unit": "Kg",
          "package_size": "28 g",
          "condition": null
        }
      ],
      "description": null
    },
    {
      "name": "Viva Krůtí s vejci",
      "brand": "Viva",
      "product_url": "https://wolt.com/cs/cze/prague/venue/albert-vinohradska/viva-kruti-s-vejci-itemid-64ca0b7cba162577de4897f1",
      "image_url": "https://imageproxy.wolt.com/menu/menu-images/64ffec4406cca0140dfab831/982587ce-8eb3-11ee-bf09-1ec840397d06_25080001.jpg",
      "categories": [
        "UZENINY A LAHŮDKY",
        "LAHŮDKY"
      ],
      "prices": [
        {
          "store_name": "Albert",
          "price": 36.9,
          "original_price": null,
          "unit_price": 307.5,
          "unit": "Kg",
          "package_size": "120 g",
          "condition": null
        }
      ],
      "description": null
    },
    {
      "name": "Albert Rozinky sultánky",
      "brand": "Albert",
      "product_url": "https://wolt.com/cs/cze/prague/venue/albert-vinohradska/albert-rozinky-sultanky-itemid-64ca0b7cba162577de48941d",
      "image_url": "https://imageproxy.wolt.com/menu/menu-images/63ad795db242366d1f818f36/b49e37f6-d995-11ef-84cc-9abaa44f3942_24774055.jpg",
      "categories": [
        "OVOCE A ZELENINA",
        "SUCHÉ PLODY"
      ],
      "prices": [
        {
          "store_name": "Albert",
          "price": 34.9,
          "original_price": null,
          "unit_price": 174.5,
          "unit": "Kg",
          "package_size": "200 g",
          "condition": null
        }
      ],
      "description": null
    },
    {
      "name": "Glutaline Sušenky esíčka bezlepkové",
      "brand": "Glutaline",
      "product_url": "https://wolt.com/cs/cze/prague/venue/albert-vinohradska/glutaline-susenky-esicka-bezlepkove-itemid-64ca0b7cba162577de48a0f6",
      "image_url": "https://imageproxy.wolt.com/menu/menu-images/64ffec4406cca0140dfab831/7eb33b58-8eb6-11ee-8234-3ed0b25e551d_25764376.jpg",
      "categories": [
        "TRVANLIVÉ",
        "SPECIÁLNÍ"
      ],
      "prices": [
        {
          "store_name": "Albert",
          "price": 58.9,
          "original_price": null,
          "unit_price": 420.71,
          "unit": "Kg",
          "package_size": "140 g",
          "condition": null
        }
      ],
      "description": null
    },
    {
      "name": "Hellmann's Dresink Caesar",
      "brand": "Hellmann's",
      "product_url": "https://wolt.com/cs/cze/prague/venue/albert-vinohradska/hellmann-s-dresink-caesar-itemid-64ca0b7cba162577de48a461",
      "image_url": "https://imageproxy.wolt.com/menu/menu-images/64ffec4406cca0140dfab831/6573ebde-8ec9-11ee-9757-2e335c36891d_27749081.jpg",
      "categories": [
        "MLÉČNÉ A CHLAZENÉ",
        "MAJONÉZY A TATARKY"
      ],
      "prices": [
        {
          "store_name": "Albert",
          "price": 74.9,
          "original_price": null,
          "unit_price": 299.6,
          "unit": "l",
          "package_size": "250 ml",
          "condition": "Vyprodáno"
        }
      ],
      "description": null
    },
    {
      "name": "Rodinné Vinařství Břeclav Tramín červený",
      "brand": "Rodinné",
      "product_url": "https://wolt.com/cs/cze/prague/venue/albert-vinohradska/rodinne-vinarstvi-breclav-tramin-cerveny-itemid-657233256818b938df947f94",
      "image_url": "https://imageproxy.wolt.com/menu/menu-images/64ffec4406cca0140dfab831/25d821b4-8ebc-11ee-a18f-5e4e081b1cfc_26825403.jpg",
      "categories": [
        "NÁPOJE",
        "VÍNA"
      ],
      "prices": [
        {
          "store_name": "Albert",
          "price": 199.0,
          "original_price": null,
          "unit_price": 265.33,
          "unit": "l",
          "package_size": "750 ml, 13,5% alc",
          "condition": "18+"
        }
      ],
      "description": null
    },
    {
      "name": "Albert Gouda 48% plátky",
      "brand": "Albert",
      "product_url": "https://wolt.com/cs/cze/prague/venue/albert-vinohradska/albert-gouda-48-platky-itemid-64ca0b7cba162577de4882fd",
      "image_url": "https://imageproxy.wolt.com/menu/menu-images/64ffec4406cca0140dfab831/d978bd00-8ebc-11ee-86ca-362f93bf1d5e_26885254.jpg",
      "categories": [
        "MLÉČNÉ A CHLAZENÉ",
        "SÝRY"
      ],
      "prices": [
        {
          "store_name": "Albert",
          "price": 45.9,
          "original_price": null,
          "unit_price": 229.5,
          "unit": "Kg",
          "package_size": "200 g",
          "condition": null
        }
      ],
      "description": null
    },
    {
      "name": "Elegance Chardonnay",
      "brand": "Elegance",
      "product_url": "https://wolt.com/cs/cze/prague/venue/albert-vinohradska/elegance-chardonnay-itemid-64ca0b7cba162577de489f99",
      "image_url": "https://imageproxy.wolt.com/menu/menu-images/64ffec4406cca0140dfab831/404407ac-8eb7-11ee-b6d3-3ed0b25e551d_25922837.jpg",
      "categories": [
        "NÁPOJE",
        "VÍNA"
      ],
      "prices": [
        {
          "store_name": "Albert",
          "price": null,
          "original_price": null,
          "unit_price": 99.87,
          "unit": "l",
          "package_size": "750 ml, 13% alc",
          "condition": "Sleva, 18+"
        }
      ],
      "description": null
    },
    {
      "name": "Elmex Junior fluoridová zubní pasta",
      "brand": "Elmex",
      "product_url": "https://wolt.com/cs/cze/prague/venue/albert-vinohradska/elmex-junior-fluoridova-zubni-pasta-itemid-64ca0b7cba162577de489297",
      "image_url": "https://imageproxy.wolt.com/menu/menu-images/63ad795db242366d1f818f36/0de6efe0-168e-11ef-9443-0acd6d928f24_24442350.jpg",
      "categories": [
        "DROGERIE A KOSMETIKA",
        "ÚSTNÍ HYGIENA"
      ],
      "prices": [
        {
          "store_name": "Albert",
          "price": 99.9,
          "original_price": null,
          "unit_price": 1332.0,
          "unit": "l",
          "package_size": "75 ml",
          "condition": null
        }
      ],
      "description": null
    },
    {
      "name": "Strážnické brambůrky Hobžovy jemně solené",
      "brand": "Strážnické",
      "product_url": "https://wolt.com/cs/cze/prague/venue/albert-vinohradska/straznicke-bramburky-hobzovy-jemne-solene-itemid-64ca0b7cba162577de4881f1",
      "image_url": "https://imageproxy.wolt.com/menu/menu-images/63ad795db242366d1f818f36/aa2176ac-f8ef-11ef-b0d3-0602b41fd15b_20320799.jpg",
      "categories": [
        "TRVANLIVÉ",
        "SLANÉ"
      ],
      "prices": [
        {
          "store_name": "Albert",
          "price": 12.9,
          "original_price": null,
          "unit_price": 215.0,
          "unit": "Kg",
          "package_size": "60 g",
          "condition": null
        }
      ],
      "description": null
    },
    {
      "name": "Nivea Men Sensitive sprchový gel",
      "brand": "Nivea",
      "product_url": "https://wolt.com/cs/cze/prague/venue/albert-vinohradska/nivea-men-sensitive-sprchovy-gel-itemid-657233256818b938df947f5a",
      "image_url": "https://imageproxy.wolt.com/menu/menu-images/64ffec4406cca0140dfab831/d56ce392-8eb9-11ee-8de2-f676b94e1855_26515014.jpg",
      "categories": [
        "DROGERIE A KOSMETIKA",
        "MÝDLA A GELY"
      ],
      "prices": [
        {
          "store_name": "Albert",
          "price": 119.9,
          "original_price": null,
          "unit_price": 239.8,
          "unit": "l",
          "package_size": "500 ml",
          "condition": null
        }
      ],
      "description": null
    },
    {
      "name": "Emma Kešu v hořké čokoládě",
      "brand": "Emma",
      "product_url": "https://wolt.com/cs/cze/prague/venue/albert-vinohradska/emma-kesu-v-horke-cokolade-itemid-64ca0b7cba162577de488ca3",
      "image_url": "https://imageproxy.wolt.com/menu/menu-images/63ad795db242366d1f818f36/7a68f0bc-d995-11ef-a490-4236c6c8f23f_25556827.jpg",
      "categories": [
        "OVOCE A ZELENINA",
        "SUCHÉ PLODY"
      ],
      "prices": [
        {
          "store_name": "Albert",
          "price": 69.9,
          "original_price": null,
          "unit_price": 466.0,
          "unit": "Kg",
          "package_size": "150 g",
          "condition": null
        }
      ],
      "description": null
    },
    {
      "name": "Albert 100% Ovocná šťáva grapefruit a pomeranč",
      "brand": "Albert",
      "product_url": "https://wolt.com/cs/cze/prague/venue/albert-vinohradska/albert-100-ovocna-stava-grapefruit-a-pomeranc-itemid-64ca0b7cba162577de489791",
      "image_url": "https://imageproxy.wolt.com/menu/menu-images/63ad795db242366d1f818f36/49bfba82-0609-11ef-b8d0-5e074761e3a9_27193686.jpg",
      "categories": [
        "NÁPOJE",
        "DŽUSY A NEKTARY"
      ],
      "prices": [
        {
          "store_name": "Albert",
          "price": null,
          "original_price": null,
          "unit_price": 139.5,
          "unit": "l",
          "package_size": "200 ml",
          "condition": "Sleva"
        }
      ],
      "description": null
    },
    {
      "name": "B&G Merlot",
      "brand": "B&G",
      "product_url": "https://wolt.com/cs/cze/prague/venue/albert-vinohradska/b-g-merlot-itemid-64ca0b7cba162577de489d5c",
      "image_url": "https://imageproxy.wolt.com/menu/menu-images/64ffec4406cca0140dfab831/5c7e5fe6-8eb0-11ee-a00e-e6fbf8d3c3b0_23743366.jpg",
      "categories": [
        "NÁPOJE",
        "VÍNA"
      ],
      "prices": [
        {
          "store_name": "Albert",
          "price": null,
          "original_price": null,
          "unit_price": 198.53,
          "unit": "l",
          "package_size": "750 ml, 14% alc",
          "condition": "Sleva, 18+"
        }
      ],
      "description": null
    },
    {
      "name": "Rama 100% rostlinná alternativa",
      "brand": "Rama",
      "product_url": "https://wolt.com/cs/cze/prague/venue/albert-vinohradska/rama-100-rostlinna-alternativa-itemid-64ca0b7cba162577de489348",
      "image_url": "https://imageproxy.wolt.com/menu/menu-images/64ffec4406cca0140dfab831/a1a47448-8ec9-11ee-8c8b-a670774e69e5_27751251.jpg",
      "categories": [
        "MLÉČNÉ A CHLAZENÉ",
        "MÁSLO A TUKY"
      ],
      "prices": [
        {
          "store_name": "Albert",
          "price": 59.9,
          "original_price": null,
          "unit_price": 239.6,
          "unit": "l",
          "package_size": "250 ml",
          "condition": null
        }
      ],
      "description": null
    },
    {
      "name": "Bohušovická mlékárna Protein tvaroh borůvka",
      "brand": "Bohušovická",
      "product_url": "https://wolt.com/cs/cze/prague/venue/albert-vinohradska/bohusovicka-mlekarna-protein-tvaroh-boruvka-itemid-64ca0b7cba162577de48998b",
      "image_url": "https://imageproxy.wolt.com/menu/menu-images/64ffec4406cca0140dfab831/e5787d82-8ebe-11ee-95f1-d61ea9882201_27077962.jpg",
      "categories": [
        "MLÉČNÉ A CHLAZENÉ",
        "JOGURTY A DEZERTY"
      ],
      "prices": [
        {
          "store_name": "Albert",
          "price": 24.9,
          "original_price": null,
          "unit_price": 177.86,
          "unit": "Kg",
          "package_size": "140 g",
          "condition": null
        }
      ],
      "description": null
    },
    {
      "name": "Ponnath Minipárečky vídeňské",
      "brand": "Ponnath",
      "product_url": "https://wolt.com/cs/cze/prague/venue/albert-vinohradska/ponnath-miniparecky-videnske-itemid-64ca0b7cba162577de488475",
      "image_url": "https://imageproxy.wolt.com/menu/menu-images/63ad795db242366d1f818f36/08244378-7826-11f0-a80b-16f6584dc184_24557856.jpg",
      "categories": [
        "UZENINY A LAHŮDKY",
        "PÁRKY A KLOBÁSY"
      ],
      "prices": [
        {
          "store_name": "Albert",
          "price": 74.9,
          "original_price": null,
          "unit_price": 374.5,
          "unit": "Kg",
          "package_size": "200 g",
          "condition": null
        }
      ],
      "description": null
    },
    {
      "name": "Jaroměřické tradiční pomazánkové",
      "brand": "Jaroměřické",
      "product_url": "https://wolt.com/cs/cze/prague/venue/albert-vinohradska/jaromericke-tradicni-pomazankove-itemid-64ca0b7cba162577de489972",
      "image_url": "https://imageproxy.wolt.com/menu/menu-images/64ffec4406cca0140dfab831/e70b523a-8eb6-11ee-9bca-325d7328b531_25857764.jpg",
      "categories": [
        "MLÉČNÉ A CHLAZENÉ",
        "MÁSLO A TUKY"
      ],
      "prices": [
        {
          "store_name": "Albert",
          "price": 41.9,
          "original_price": null,
          "unit_price": 279.33,
          "unit": "Kg",
          "package_size": "150 g",
          "condition": null
        }
      ],
      "description": null
    },
    {
      "name": "Hamé Vepřový lančmít",
      "brand": "Hamé",
      "product_url": "https://wolt.com/cs/cze/prague/venue/albert-vinohradska/hame-veprovy-lancmit-itemid-657233256818b938df947e9e",
      "image_url": "https://imageproxy.wolt.com/menu/menu-images/64ffec4406cca0140dfab831/7afd579a-8ead-11ee-ad7f-1af7753b7a63_20787042.jpg",
      "categories": [
        "TRVANLIVÉ",
        "KONZERVOVANÉ POTR."
      ],
      "prices": [
        {
          "store_name": "Albert",
          "price": 99.9,
          "original_price": null,
          "unit_price": 249.75,
          "unit": "Kg",
          "package_size": "400 g",
          "condition": null
        }
      ],
      "description": null
    },
    {
      "name": "Fan Sacharin stolní sladidlo",
      "brand": "Fan",
      "product_url": "https://wolt.com/cs/cze/prague/venue/albert-vinohradska/fan-sacharin-stolni-sladidlo-itemid-64ca0b7cba162577de489d4c",
      "image_url": "https://imageproxy.wolt.com/menu/menu-images/64ffec4406cca0140dfab831/db82ce4a-8eaf-11ee-af4c-ca775a3f94cd_23555891.jpg",
      "categories": [
        "TRVANLIVÉ",
        "SPECIÁLNÍ"
      ],
      "prices": [
        {
          "store_name": "Albert",
          "price": 19.9,
          "original_price": null,
          "unit_price": 1990.0,
          "unit": "Kg",
          "package_size": "10 g",
          "condition": null
        }
      ],
      "description": null
    },
    {
      "name": "Vitana Paprika lahůdková sladká",
      "brand": "Vitana",
      "product_url": "https://wolt.com/cs/cze/prague/venue/albert-vinohradska/vitana-paprika-lahudkova-sladka-itemid-64ca0b7cba162577de4890b2",
      "image_url": "https://imageproxy.wolt.com/menu/menu-images/64ffec4406cca0140dfab831/d0778080-8eba-11ee-9d0a-2672547c66c2_26685113.jpg",
      "categories": [
        "TRVANLIVÉ",
        "KOŘENÍ A OCHUCOVADLA"
      ],
      "prices": [
        {
          "store_name": "Albert",
          "price": 19.9,
          "original_price": null,
          "unit_price": 865.22,
          "unit": "Kg",
          "package_size": "23 g",
          "condition": null
        }
      ],
      "description": null
    },
    {
      "name": "Coca-Cola",
      "brand": "Coca-Cola",
      "product_url": "https://wolt.com/cs/cze/prague/venue/albert-vinohradska/coca-cola-itemid-64ca0b7cba162577de489319",
      "image_url": "https://imageproxy.wolt.com/menu/menu-images/6745ec28c3b7723db3588430/0c22085a-da6b-11f0-af97-b6469577155c_22269447.jpg",
      "categories": [
        "NÁPOJE",
        "LIMONÁDY"
      ],
      "prices": [
        {
          "store_name": "Albert",
          "price": 29.9,
          "original_price": null,
          "unit_price": 19.93,
          "unit": "l",
          "package_size": "1,5 l",
          "condition": null
        }
      ],
      "description": null
    },
    {
      "name": "Artesie Neperlivá voda",
      "brand": "Artesie",
      "product_url": "https://wolt.com/cs/cze/prague/venue/albert-vinohradska/artesie-neperliva-voda-itemid-64ca0b7cba162577de48824b",
      "image_url": "https://imageproxy.wolt.com/menu/menu-images/64ffec4406cca0140dfab831/b5da355a-8eb6-11ee-9f3d-1e037cde04d4_25820218.jpg",
      "categories": [
        "NÁPOJE",
        "VODY A MINERÁLKY"
      ],
      "prices": [
        {
          "store_name": "Albert",
          "price": 6.9,
          "original_price": null,
          "unit_price": 4.6,
          "unit": "l",
          "package_size": "1,5 l",
          "condition": null
        }
      ],
      "description": null
    },
    {
      "name": "Vepřová krkovice bez kosti v celku",
      "brand": null,
      "product_url": "https://wolt.com/cs/cze/prague/venue/albert-vinohradska/veprova-krkovice-bez-kosti-v-celku-itemid-657233256818b938df947db5",
      "image_url": "https://imageproxy.wolt.com/menu/menu-images/64ffec4406cca0140dfab831/c79523e8-8eae-11ee-8ee1-6acfb8ed3f7f_22840011.jpg",
      "categories": [
        "MASO A RYBY",
        "VEPŘOVÉ"
      ],
      "prices": [
        {
          "store_name": "Albert",
          "price": null,
          "original_price": null,
          "unit_price": null,
          "unit": null,
          "package_size": null,
          "condition": "Sleva, Vyprodáno"
        }
      ],
      "description": null
    },
    {
      "name": "Spak Gourmet Kečup jemný",
      "brand": "Spak",
      "product_url": "https://wolt.com/cs/cze/prague/venue/albert-vinohradska/spak-gourmet-kecup-jemny-itemid-64ca0b7cba162577de4890d7",
      "image_url": "https://imageproxy.wolt.com/menu/menu-images/63ad795db242366d1f818f36/87dd48f4-be3e-11f0-b87d-6a6ba23ec5aa_20324810.jpg",
      "categories": [
        "TRVANLIVÉ",
        "KEČUPY A HOŘČICE"
      ],
      "prices": [
        {
          "store_name": "Albert",
          "price": 94.9,
          "original_price": null,
          "unit_price": 105.44,
          "unit": "Kg",
          "package_size": "900 g",
          "condition": null
        }
      ],
      "description": null
    },
    {
      "name": "Česká chuť Špenátový protlak",
      "brand": "Česká chuť",
      "product_url": "https://wolt.com/cs/cze/prague/venue/albert-vinohradska/ceska-chut-spenatovy-protlak-itemid-6876153a0c6218e9f3e5f422",
      "image_url": "https://imageproxy.wolt.com/menu/menu-images/64b62ec5e5ab70cdc92e30f0/f1bb9dac-616e-11f0-85b6-9ed28e232374_25901047.jpg",
      "categories": [
        "MRAŽENÉ POTRAVINY",
        "MRAŽENÉ OVOCE A ZELENINA"
      ],
      "prices": [
        {
          "store_name": "Albert",
          "price": 13.9,
          "original_price": null,
          "unit_price": 34.75,
          "unit": "Kg",
          "package_size": "400 g",
          "condition": null
        }
      ],
      "description": null
    },
    {
      "name": "Nowaco Růžičková kapusta",
      "brand": "Nowaco",
      "product_url": "https://wolt.com/cs/cze/prague/venue/albert-vinohradska/nowacoruzickova-kapusta-itemid-6876153a0c6218e9f3e5f439",
      "image_url": "https://imageproxy.wolt.com/menu/menu-images/64b62ec5e5ab70cdc92e30f0/fa776bce-616e-11f0-a73b-86f39e1d3ecb_26956732.jpg",
      "categories": [
        "MRAŽENÉ POTRAVINY",
        "MRAŽENÉ OVOCE A ZELENINA"
      ],
      "prices": [
        {
          "store_name": "Albert",
          "price": 38.9,
          "original_price": null,
          "unit_price": 111.14,
          "unit": "Kg",
          "package_size": "350 g",
          "condition": null
        }
      ],
      "description": null
    },
    {
      "name": "Jägermeister 35%",
      "brand": "Jägermeister",
      "product_url": "https://wolt.com/cs/cze/prague/venue/albert-vinohradska/jagermeister-35-itemid-64ca0b7cba162577de4884c9",
      "image_url": "https://imageproxy.wolt.com/menu/menu-images/64ffec4406cca0140dfab831/94c07e38-8eac-11ee-8a19-aa21438df9a4_20315542.jpg",
      "categories": [
        "NÁPOJE",
        "LIHOVINY"
      ],
      "prices": [
        {
          "store_name": "Albert",
          "price": 569.0,
          "original_price": null,
          "unit_price": 812.86,
          "unit": "l",
          "package_size": "700 ml, 35% alc",
          "condition": "18+"
        }
      ],
      "description": null
    },
    {
      "name": "Podravka Natur sypký kořenící přípravek",
      "brand": "Podravka",
      "product_url": "https://wolt.com/cs/cze/prague/venue/albert-vinohradska/podravka-natur-sypky-korenici-pripravek-itemid-657233256818b938df947eef",
      "image_url": "https://imageproxy.wolt.com/menu/menu-images/64ffec4406cca0140dfab831/9f4f9968-8eb3-11ee-9f90-22a8008f3216_25087093.jpg",
      "categories": [
        "TRVANLIVÉ",
        "KOŘENÍ A OCHUCOVADLA"
      ],
      "prices": [
        {
          "store_name": "Albert",
          "price": 44.9,
          "original_price": null,
          "unit_price": 299.33,
          "unit": "Kg",
          "package_size": "150 g",
          "condition": null
        }
      ],
      "description": null
    },
    {
      "name": "Tuc Krekry s příchutí sýru",
      "brand": "Tuc",
      "product_url": "https://wolt.com/cs/cze/prague/venue/albert-vinohradska/tuc-krekry-s-prichuti-syru-itemid-651c85537c0093ba387e180e",
      "image_url": "https://imageproxy.wolt.com/menu/menu-images/63ad795db242366d1f818f36/da9d4854-ed43-11ef-946a-0e881b6e3ccd_25106459.jpg",
      "categories": [
        "TRVANLIVÉ",
        "SLANÉ"
      ],
      "prices": [
        {
          "store_name": "Albert",
          "price": 19.9,
          "original_price": null,
          "unit_price": 199.0,
          "unit": "Kg",
          "package_size": "100 g",
          "condition": null
        }
      ],
      "description": null
    },
    {
      "name": "Brise de France Merlot",
      "brand": "Brise de France",
      "product_url": "https://wolt.com/cs/cze/prague/venue/albert-vinohradska/brise-de-france-merlot-itemid-64ca0b7cba162577de4896fc",
      "image_url": "https://imageproxy.wolt.com/menu/menu-images/64ffec4406cca0140dfab831/bfe65de0-8eb0-11ee-a244-1627932f216d_23989740.jpg",
      "categories": [
        "NÁPOJE",
        "VÍNA"
      ],
      "prices": [
        {
          "store_name": "Albert",
          "price": 92.9,
          "original_price": null,
          "unit_price": 123.87,
          "unit": "l",
          "package_size": "750 ml, 13% alc",
          "condition": "18+"
        }
      ],
      "description": null
    },
    {
      "name": "Corny BIG cereální tyčinka kokos",
      "brand": "Corny",
      "product_url": "https://wolt.com/cs/cze/prague/venue/albert-vinohradska/corny-big-cerealni-tycinka-kokos-itemid-64ca0b7cba162577de4895b9",
      "image_url": "https://imageproxy.wolt.com/menu/menu-images/63ad795db242366d1f818f36/35cf41ac-26ff-11ef-8aec-d693e528d271_25254655.jpg",
      "categories": [
        "TRVANLIVÉ",
        "MÜSLI A CEREÁLIE"
      ],
      "prices": [
        {
          "store_name": "Albert",
          "price": null,
          "original_price": null,
          "unit_price": 318.0,
          "unit": "Kg",
          "package_size": "50 g",
          "condition": "Sleva"
        }
      ],
      "description": null
    },
    {
      "name": "Královská krkovice bez kosti plátky",
      "brand": "Královská",
      "product_url": "https://wolt.com/cs/cze/prague/venue/albert-vinohradska/kralovska-krkovice-bez-kosti-platky-itemid-64ca0b7cba162577de488497",
      "image_url": "https://imageproxy.wolt.com/menu/menu-images/64ffec4406cca0140dfab831/9749829e-8ec5-11ee-9f07-4eeff7c63e9c_27557198.jpg",
      "categories": [
        "MASO A RYBY",
        "VEPŘOVÉ"
      ],
      "prices": [
        {
          "store_name": "Albert",
          "price": 109.56,
          "original_price": null,
          "unit_price": null,
          "unit": null,
          "package_size": null,
          "condition": null
        }
      ],
      "description": null
    },
    {
      "name": "Madeta Madeland originál",
      "brand": "Madeta",
      "product_url": "https://wolt.com/cs/cze/prague/venue/albert-vinohradska/madeta-madeland-original-itemid-64ca0b7cba162577de488481",
      "image_url": "https://imageproxy.wolt.com/menu/menu-images/63ad795db242366d1f818f36/feba6a6a-7825-11f0-bfc1-4e04c21ff4dd_23953918.jpg",
      "categories": [
        "MLÉČNÉ A CHLAZENÉ",
        "SÝRY"
      ],
      "prices": [
        {
          "store_name": "Albert",
          "price": null,
          "original_price": null,
          "unit_price": 299.0,
          "unit": "Kg",
          "package_size": "100 g",
          "condition": "Sleva"
        }
      ],
      "description": null
    },
    {
      "name": "Sýr Balkánský v nálevu",
      "brand": null,
      "product_url": "https://wolt.com/cs/cze/prague/venue/albert-vinohradska/syr-balkansky-v-nalevu-itemid-64ca0b7cba162577de488851",
      "image_url": "https://imageproxy.wolt.com/menu/menu-images/64ffec4406cca0140dfab831/330fe33e-8eb3-11ee-b725-e6fbf8d3c3b0_24981590.jpg",
      "categories": [
        "MLÉČNÉ A CHLAZENÉ",
        "SÝRY"
      ],
      "prices": [
        {
          "store_name": "Albert",
          "price": 53.9,
          "original_price": null,
          "unit_price": 299.44,
          "unit": "Kg",
          "package_size": "180 g",
          "condition": null
        }
      ],
      "description": null
    },
    {
      "name": "Nature's Promise Bio Kapsička letní MIX",
      "brand": "Nature's Promise",
      "product_url": "https://wolt.com/cs/cze/prague/venue/albert-vinohradska/nature-s-promise-bio-kapsicka-letni-mix-itemid-651c87a0343f6ade3bbe7dbe",
      "image_url": "https://imageproxy.wolt.com/menu/menu-images/64ffec4406cca0140dfab831/0c91e48e-8ec0-11ee-b734-62c80973176d_27155417.jpg",
      "categories": [
        "DÍTĚ",
        "VÝŽIVA"
      ],
      "prices": [
        {
          "store_name": "Albert",
          "price": 13.5,
          "original_price": null,
          "unit_price": 150.0,
          "unit": "Kg",
          "package_size": "90 g",
          "condition": null
        }
      ],
      "description": null
    },
    {
      "name": "Orion Studentská pečeť bílá čokoláda",
      "brand": "Orion",
      "product_url": "https://wolt.com/cs/cze/prague/venue/albert-vinohradska/orion-studentska-pecet-bila-cokolada-itemid-64ca0b7cba162577de4890a0",
      "image_url": "https://imageproxy.wolt.com/menu/menu-images/64ffec4406cca0140dfab831/6d72f588-8eaf-11ee-a407-6acfb8ed3f7f_23306431.jpg",
      "categories": [
        "TRVANLIVÉ",
        "SLADKOSTI"
      ],
      "prices": [
        {
          "store_name": "Albert",
          "price": 69.9,
          "original_price": null,
          "unit_price": 411.18,
          "unit": "Kg",
          "package_size": "170 g",
          "condition": null
        }
      ],
      "description": null
    },
    {
      "name": "Hamé Favorit paštika",
      "brand": "Hamé",
      "product_url": "https://wolt.com/cs/cze/prague/venue/albert-vinohradska/hame-favorit-pastika-itemid-64ca0b7cba162577de489d2f",
      "image_url": "https://imageproxy.wolt.com/menu/menu-images/63ad795db242366d1f818f36/3fd077c8-e818-11ee-8b77-825165eeb9ef_20787660.jpg",
      "categories": [
        "TRVANLIVÉ",
        "KONZERVOVANÉ POTR."
      ],
      "prices": [
        {
          "store_name": "Albert",
          "price": 49.9,
          "original_price": null,
          "unit_price": 415.83,
          "unit": "Kg",
          "package_size": "120 g",
          "condition": null
        }
      ],
      "description": null
    },
    {
      "name": "Italat Mozzarella",
      "brand": "Italat",
      "product_url": "https://wolt.com/cs/cze/prague/venue/albert-vinohradska/italat-mozzarella-itemid-64ca0b7cba162577de489892",
      "image_url": "https://imageproxy.wolt.com/menu/menu-images/64ffec4406cca0140dfab831/1e0f4b48-8eac-11ee-9901-1ef82258dff4_20295202.jpg",
      "categories": [
        "MLÉČNÉ A CHLAZENÉ",
        "SÝRY"
      ],
      "prices": [
        {
          "store_name": "Albert",
          "price": 39.9,
          "original_price": null,
          "unit_price": 399.0,
          "unit": "Kg",
          "package_size": "100 g",
          "condition": null
        }
      ],
      "description": null
    },
    {
      "name": "Vitacup Lyofilizovaná směs ovoce",
      "brand": "Vitacup",
      "product_url": "https://wolt.com/cs/cze/prague/venue/albert-vinohradska/vitacup-lyofilizovana-smes-ovoce-itemid-6601ef14fe1b01cffb96d026",
      "image_url": "https://imageproxy.wolt.com/menu/menu-images/6601c613e48d1c8d95333085/5288dd64-eae4-11ee-8c52-daa57e6835e8_27546444.jpg",
      "categories": [
        "OVOCE A ZELENINA",
        "SUCHÉ PLODY"
      ],
      "prices": [
        {
          "store_name": "Albert",
          "price": 59.9,
          "original_price": null,
          "unit_price": 1996.67,
          "unit": "Kg",
          "package_size": "30 g",
          "condition": null
        }
      ],
      "description": null
    },
    {
      "name": "Kotányi Paprika sladká mletá",
      "brand": "Kotányi",
      "product_url": "https://wolt.com/cs/cze/prague/venue/albert-vinohradska/kotanyi-paprika-sladka-mleta-itemid-657233256818b938df947b08",
      "image_url": "https://imageproxy.wolt.com/menu/menu-images/64ffec4406cca0140dfab831/836533a4-8eb1-11ee-adc4-b287692f5450_24403788.jpg",
      "categories": [
        "TRVANLIVÉ",
        "KOŘENÍ A OCHUCOVADLA"
      ],
      "prices": [
        {
          "store_name": "Albert",
          "price": null,
          "original_price": null,
          "unit_price": 636.0,
          "unit": "Kg",
          "package_size": "25 g",
          "condition": "Sleva"
        }
      ],
      "description": null
    },
    {
      "name": "Vepřové medailonky",
      "brand": "Vepřové",
      "product_url": "https://wolt.com/cs/cze/prague/venue/albert-vinohradska/veprove-medailonky-itemid-64ca0b7cba162577de488be7",
      "image_url": "https://imageproxy.wolt.com/menu/menu-images/64ffec4406cca0140dfab831/0b74aff4-8eb2-11ee-9af9-2a867062f6f7_24646864.jpg",
      "categories": [
        "MASO A RYBY",
        "VEPŘOVÉ"
      ],
      "prices": [
        {
          "store_name": "Albert",
          "price": 114.95,
          "original_price": null,
          "unit_price": null,
          "unit": null,
          "package_size": null,
          "condition": null
        }
      ],
      "description": null
    },
    {
      "name": "Nature's Promise Bio Pomazánka rajče a bazalka",
      "brand": "Nature's Promise",
      "product_url": "https://wolt.com/cs/cze/prague/venue/albert-vinohradska/nature-s-promise-bio-pomazanka-rajce-a-bazalka-itemid-64ca0b7cba162577de488cdd",
      "image_url": "https://imageproxy.wolt.com/menu/menu-images/63ad795db242366d1f818f36/0d28e1d4-ed44-11ef-b2e1-228fa094d8cf_26818528.jpg",
      "categories": [
        "UZENINY A LAHŮDKY",
        "SALÁTY A POMAZÁNKY"
      ],
      "prices": [
        {
          "store_name": "Albert",
          "price": 24.9,
          "original_price": null,
          "unit_price": 199.2,
          "unit": "Kg",
          "package_size": "125 g",
          "condition": null
        }
      ],
      "description": null
    },
    {
      "name": "L´Oréal Paris Hyaluron Plump hydratační šampon",
      "brand": "L'Oréal",
      "product_url": "https://wolt.com/cs/cze/prague/venue/albert-vinohradska/loreal-paris-hyaluron-plump-hydratacni-sampon-itemid-660207e90336b1933ba9c176",
      "image_url": "https://imageproxy.wolt.com/menu/menu-images/6601c613e48d1c8d95333085/695761b4-eae4-11ee-b5eb-0a57c3b26f42_27574416.jpg",
      "categories": [
        "DROGERIE A KOSMETIKA",
        "PÉČE O VLASY"
      ],
      "prices": [
        {
          "store_name": "Albert",
          "price": 119.9,
          "original_price": null,
          "unit_price": 479.6,
          "unit": "l",
          "package_size": "250 ml",
          "condition": null
        }
      ],
      "description": null
    },
    {
      "name": "Emco Mysli na zdraví s ořechy",
      "brand": "Emco",
      "product_url": "https://wolt.com/cs/cze/prague/venue/albert-vinohradska/emco-mysli-na-zdravi-s-orechy-itemid-64ca0b7cba162577de48874d",
      "image_url": "https://imageproxy.wolt.com/menu/menu-images/63ad795db242366d1f818f36/ed34349c-7825-11f0-b627-f287b2bda815_23151765.jpg",
      "categories": [
        "TRVANLIVÉ",
        "MÜSLI A CEREÁLIE"
      ],
      "prices": [
        {
          "store_name": "Albert",
          "price": 125.9,
          "original_price": null,
          "unit_price": 167.87,
          "unit": "Kg",
          "package_size": "750 g",
          "condition": null
        }
      ],
      "description": null
    },
    {
      "name": "Cute Baby Pleny Maxi plus, velikost 4+",
      "brand": "Cute Baby",
      "product_url": "https://wolt.com/cs/cze/prague/venue/albert-vinohradska/cute-baby-pleny-maxi-plus-velikost-4-itemid-64ca0b7cba162577de488cf7",
      "image_url": "https://imageproxy.wolt.com/menu/menu-images/63ad795db242366d1f818f36/1b5da824-9796-11ef-a840-bee4efe6b369_26937816.jpg",
      "categories": [
        "DÍTĚ",
        "PLENY A PODLOŽKY"
      ],
      "prices": [
        {
          "store_name": "Albert",
          "price": 169.0,
          "original_price": null,
          "unit_price": 3.38,
          "unit": "ks",
          "package_size": "‪50‬ kusů",
          "condition": null
        }
      ],
      "description": null
    },
    {
      "name": "Pedro Sovičky želatinové",
      "brand": "Pedro",
      "product_url": "https://wolt.com/cs/cze/prague/venue/albert-vinohradska/pedro-sovicky-zelatinove-itemid-64ca0b7cba162577de489118",
      "image_url": "https://imageproxy.wolt.com/menu/menu-images/64ffec4406cca0140dfab831/db5e9bc8-8ebf-11ee-8d1a-a6b73cfda2ad_27137109.jpg",
      "categories": [
        "TRVANLIVÉ",
        "SLADKOSTI"
      ],
      "prices": [
        {
          "store_name": "Albert",
          "price": 23.9,
          "original_price": null,
          "unit_price": 298.75,
          "unit": "Kg",
          "package_size": "80 g",
          "condition": null
        }
      ],
      "description": null
    },
    {
      "name": "Staropramen 11 světlý ležák",
      "brand": "Staropramen",
      "product_url": "https://wolt.com/cs/cze/prague/venue/albert-vinohradska/staropramen-11-svetly-lezak-itemid-64ca0b7cba162577de489f11",
      "image_url": "https://imageproxy.wolt.com/menu/menu-images/64ffec4406cca0140dfab831/48350630-8eb4-11ee-9f48-fe2992cf6bd0_25277746.jpg",
      "categories": [
        "NÁPOJE",
        "PIVA"
      ],
      "prices": [
        {
          "store_name": "Albert",
          "price": 22.9,
          "original_price": null,
          "unit_price": 45.8,
          "unit": "l",
          "package_size": "500 ml, 4,7% alc",
          "condition": "18+"
        }
      ],
      "description": null
    },
    {
      "name": "Kempy Segedínský guláš",
      "brand": "Kempy",
      "product_url": "https://wolt.com/cs/cze/prague/venue/albert-vinohradska/kempy-segedinsky-gulas-itemid-64ca0b7cba162577de4898ed",
      "image_url": "https://imageproxy.wolt.com/menu/menu-images/64ffec4406cca0140dfab831/b73f67a2-8ec1-11ee-bbf6-ce752cd7e428_27258187.jpg",
      "categories": [
        "TRVANLIVÉ",
        "KONZERVOVANÉ POTR."
      ],
      "prices": [
        {
          "store_name": "Albert",
          "price": 44.9,
          "original_price": null,
          "unit_price": 112.25,
          "unit": "Kg",
          "package_size": "400 g",
          "condition": null
        }
      ],
      "description": null
    },
    {
      "name": "Madeta MAXI Lipánek tradiční kakaový",
      "brand": "Madeta",
      "product_url": "https://wolt.com/cs/cze/prague/venue/albert-vinohradska/madeta-maxi-lipanek-tradicni-kakaovy-itemid-64ca0b7cba162577de488385",
      "image_url": "https://imageproxy.wolt.com/menu/menu-images/64ffec4406cca0140dfab831/e1f28572-8eaf-11ee-b051-eadf6ce36c9d_23563612.jpg",
      "categories": [
        "MLÉČNÉ A CHLAZENÉ",
        "JOGURTY A DEZERTY"
      ],
      "prices": [
        {
          "store_name": "Albert",
          "price": 23.9,
          "original_price": null,
          "unit_price": 183.85,
          "unit": "Kg",
          "package_size": "130 g",
          "condition": null
        }
      ],
      "description": null
    },
    {
      "name": "Caprio ananas",
      "brand": "Caprio",
      "product_url": "https://wolt.com/cs/cze/prague/venue/albert-vinohradska/caprio-ananas-itemid-657233256818b938df948b8d",
      "image_url": "https://imageproxy.wolt.com/menu/menu-images/64ffec4406cca0140dfab831/78a20b00-8eb5-11ee-b5ab-2e3db4b64128_25559682.jpg",
      "categories": [
        "NÁPOJE",
        "LIMONÁDY"
      ],
      "prices": [
        {
          "store_name": "Albert",
          "price": 49.9,
          "original_price": null,
          "unit_price": 24.95,
          "unit": "l",
          "package_size": "2 l",
          "condition": null
        }
      ],
      "description": null
    },
    {
      "name": "Pribináček Mixík kakao a vanilka",
      "brand": "Pribináček",
      "product_url": "https://wolt.com/cs/cze/prague/venue/albert-vinohradska/pribinacek-mixik-kakao-a-vanilka-itemid-64ca0b7cba162577de488273",
      "image_url": "https://imageproxy.wolt.com/menu/menu-images/63ad795db242366d1f818f36/8737b2a4-25b4-11f0-8157-867fb5bdad10_25268683.jpg",
      "categories": [
        "MLÉČNÉ A CHLAZENÉ",
        "JOGURTY A DEZERTY"
      ],
      "prices": [
        {
          "store_name": "Albert",
          "price": 29.9,
          "original_price": null,
          "unit_price": 239.2,
          "unit": "Kg",
          "package_size": "125 g",
          "condition": null
        }
      ],
      "description": null
    },
    {
      "name": "Sam Mills Špagety bez lepku",
      "brand": "Sam",
      "product_url": "https://wolt.com/cs/cze/prague/venue/albert-vinohradska/sam-mills-spagety-bez-lepku-itemid-64ca0b7cba162577de4887a1",
      "image_url": "https://imageproxy.wolt.com/menu/menu-images/64ffec4406cca0140dfab831/98b2e9c4-8eb4-11ee-bdac-22a8008f3216_25363043.jpg",
      "categories": [
        "TRVANLIVÉ",
        "TĚSTOVINY A KUSKUS"
      ],
      "prices": [
        {
          "store_name": "Albert",
          "price": null,
          "original_price": null,
          "unit_price": 67.8,
          "unit": "Kg",
          "package_size": "500 g",
          "condition": "Sleva, Vyprodáno"
        }
      ],
      "description": null
    },
    {
      "name": "L'Oréal Paris Elseve Color-Vive šampon",
      "brand": "L'Oréal",
      "product_url": "https://wolt.com/cs/cze/prague/venue/albert-vinohradska/l-oreal-paris-elseve-color-vive-sampon-itemid-64ca0b7cba162577de488e79",
      "image_url": "https://imageproxy.wolt.com/menu/menu-images/63ad795db242366d1f818f36/feb911d8-7825-11f0-8603-9a3afcb869d0_23934870.jpg",
      "categories": [
        "DROGERIE A KOSMETIKA",
        "PÉČE O VLASY"
      ],
      "prices": [
        {
          "store_name": "Albert",
          "price": 159.0,
          "original_price": null,
          "unit_price": 397.5,
          "unit": "l",
          "package_size": "400 ml",
          "condition": null
        }
      ],
      "description": null
    },
    {
      "name": "Mlékárna Kunín Smetana ke šlehání 31%",
      "brand": "Mlékárna Kunín",
      "product_url": "https://wolt.com/cs/cze/prague/venue/albert-vinohradska/mlekarna-kunin-smetana-ke-slehani-31-itemid-64ca0b7cba162577de48987b",
      "image_url": "https://imageproxy.wolt.com/menu/menu-images/63ad795db242366d1f818f36/8e2888b0-d995-11ef-993c-ea4c182e917a_25281439.jpg",
      "categories": [
        "MLÉČNÉ A CHLAZENÉ",
        "SMETANY A ŠLEHAČKY"
      ],
      "prices": [
        {
          "store_name": "Albert",
          "price": null,
          "original_price": null,
          "unit_price": 157.07,
          "unit": "Kg",
          "package_size": "375 g",
          "condition": "Sleva"
        }
      ],
      "description": null
    },
    {
      "name": "Nowaco Bretaňská zeleninová směs",
      "brand": "Nowaco",
      "product_url": "https://wolt.com/cs/cze/prague/venue/albert-vinohradska/nowaco-bretanska-zeleninova-smes-itemid-6876153a0c6218e9f3e5f40e",
      "image_url": "https://imageproxy.wolt.com/menu/menu-images/64b62ec5e5ab70cdc92e30f0/e99857d2-616e-11f0-8007-eee891ea3f78_23862456.jpg",
      "categories": [
        "MRAŽENÉ POTRAVINY",
        "MRAŽENÉ OVOCE A ZELENINA"
      ],
      "prices": [
        {
          "store_name": "Albert",
          "price": 41.9,
          "original_price": null,
          "unit_price": 119.71,
          "unit": "Kg",
          "package_size": "350 g",
          "condition": null
        }
      ],
      "description": null
    },
    {
      "name": "Apetito Gouda plátky do toustů",
      "brand": "Apetito",
      "product_url": "https://wolt.com/cs/cze/prague/venue/albert-vinohradska/apetito-gouda-platky-do-toustu-itemid-657233256818b938df947c2a",
      "image_url": "https://imageproxy.wolt.com/menu/menu-images/64ffec4406cca0140dfab831/dbf07ac8-8ec6-11ee-95eb-4eeff7c63e9c_27627303.jpg",
      "categories": [
        "MLÉČNÉ A CHLAZENÉ",
        "SÝRY"
      ],
      "prices": [
        {
          "store_name": "Albert",
          "price": 42.9,
          "original_price": null,
          "unit_price": 330.0,
          "unit": "Kg",
          "package_size": "130 g",
          "condition": null
        }
      ],
      "description": null
    },
    {
      "name": "Dr. Oetker Želatina na aspik",
      "brand": "Dr. Oetker",
      "product_url": "https://wolt.com/cs/cze/prague/venue/albert-vinohradska/dr-oetker-zelatina-na-aspik-itemid-64ca0b7cba162577de489833",
      "image_url": "https://imageproxy.wolt.com/menu/menu-images/63ad795db242366d1f818f36/0e410d78-a8ea-11f0-b688-6a5658030270_25794793.jpg",
      "categories": [
        "TRVANLIVÉ",
        "PEČENÍ A VAŘENÍ"
      ],
      "prices": [
        {
          "store_name": "Albert",
          "price": 29.9,
          "original_price": null,
          "unit_price": 1495.0,
          "unit": "Kg",
          "package_size": "20 g",
          "condition": "Vyprodáno"
        }
      ],
      "description": null
    },
    {
      "name": "Pickwick Urologický čaj s brusinkami",
      "brand": "Pickwick",
      "product_url": "https://wolt.com/cs/cze/prague/venue/albert-vinohradska/pickwick-urologicky-caj-s-brusinkami-itemid-64ca0b7cba162577de489f98",
      "image_url": "https://imageproxy.wolt.com/menu/menu-images/64ffec4406cca0140dfab831/935a2b0e-8eb9-11ee-bddd-4ac825cfc539_26454405.jpg",
      "categories": [
        "NÁPOJE",
        "KÁVA A ČAJ"
      ],
      "prices": [
        {
          "store_name": "Albert",
          "price": 32.9,
          "original_price": null,
          "unit_price": 1645.0,
          "unit": "Kg",
          "package_size": "20 g",
          "condition": null
        }
      ],
      "description": null
    },
    {
      "name": "TePe Angle Mezizubní kartáček 0,5 mm",
      "brand": "TePe",
      "product_url": "https://wolt.com/cs/cze/prague/venue/albert-vinohradska/tepe-angle-mezizubni-kartacek-0-5-mm-itemid-64ca0b7cba162577de488e31",
      "image_url": "https://imageproxy.wolt.com/menu/menu-images/64ffec4406cca0140dfab831/56438d9a-8eba-11ee-8a83-06c7de8dd7bf_26609102.jpg",
      "categories": [
        "DROGERIE A KOSMETIKA",
        "ÚSTNÍ HYGIENA"
      ],
      "prices": [
        {
          "store_name": "Albert",
          "price": 139.9,
          "original_price": null,
          "unit_price": 23.32,
          "unit": "ks",
          "package_size": "‪6‬ kusů",
          "condition": null
        }
      ],
      "description": null
    },
    {
      "name": "Astrid Tyčinka na rty multivitaminová",
      "brand": "Astrid",
      "product_url": "https://wolt.com/cs/cze/prague/venue/albert-vinohradska/astrid-tycinka-na-rty-multivitaminova-itemid-64ca0b7cba162577de48a01a",
      "image_url": "https://imageproxy.wolt.com/menu/menu-images/64ffec4406cca0140dfab831/65a3ffda-8ebb-11ee-81b7-865f2970631c_26770420.jpg",
      "categories": [
        "DROGERIE A KOSMETIKA",
        "PÉČE O PLEŤ"
      ],
      "prices": [
        {
          "store_name": "Albert",
          "price": 49.9,
          "original_price": null,
          "unit_price": 9980.0,
          "unit": "Kg",
          "package_size": "5 g",
          "condition": null
        }
      ],
      "description": null
    },
    {
      "name": "Lipton Ledový čaj Zero zelený s příchutí citrónu",
      "brand": "Lipton",
      "product_url": "https://wolt.com/cs/cze/prague/venue/albert-vinohradska/lipton-ledovy-caj-zero-zeleny-s-prichuti-citronu-itemid-64ca0b7cba162577de48918d",
      "image_url": "https://imageproxy.wolt.com/menu/menu-images/63ad795db242366d1f818f36/a8a0cd60-df7c-11ee-abb7-c2293a393ca1_27122785.jpg",
      "categories": [
        "NÁPOJE",
        "LIMONÁDY"
      ],
      "prices": [
        {
          "store_name": "Albert",
          "price": 41.9,
          "original_price": null,
          "unit_price": 27.93,
          "unit": "l",
          "package_size": "1,5 l",
          "condition": null
        }
      ],
      "description": null
    },
    {
      "name": "Nature's Promise Vital chléb bez lepku",
      "brand": "Nature's Promise",
      "product_url": "https://wolt.com/cs/cze/prague/venue/albert-vinohradska/nature-s-promise-vital-chleb-bez-lepku-itemid-64ca0b7cba162577de488e6b",
      "image_url": "https://imageproxy.wolt.com/menu/menu-images/63ad795db242366d1f818f36/6bc0cea4-8e26-11f0-af93-3e4badae230e_26374871.jpg",
      "categories": [
        "PEKÁRNA A CUKRÁRNA",
        "BEZLEPKOVÉ PEČIVO"
      ],
      "prices": [
        {
          "store_name": "Albert",
          "price": null,
          "original_price": null,
          "unit_price": 129.8,
          "unit": "Kg",
          "package_size": "500 g",
          "condition": "Sleva"
        }
      ],
      "description": null
    },
    {
      "name": "Dr. Oetker Puding Naturamyl jahodový",
      "brand": "Dr. Oetker",
      "product_url": "https://wolt.com/cs/cze/prague/venue/albert-vinohradska/dr-oetker-puding-naturamyl-jahodovy-itemid-64ca0b7cba162577de4887a7",
      "image_url": "https://imageproxy.wolt.com/menu/menu-images/63ad795db242366d1f818f36/e820ba6c-a8e9-11f0-965b-fec553ab9354_20304393.jpg",
      "categories": [
        "TRVANLIVÉ",
        "PEČENÍ A VAŘENÍ"
      ],
      "prices": [
        {
          "store_name": "Albert",
          "price": 9.9,
          "original_price": null,
          "unit_price": 267.57,
          "unit": "Kg",
          "package_size": "37 g",
          "condition": null
        }
      ],
      "description": null
    },
    {
      "name": "Spak Dressing Caesar",
      "brand": "Spak",
      "product_url": "https://wolt.com/cs/cze/prague/venue/albert-vinohradska/spak-dressing-caesar-itemid-64ca0b7cba162577de48a115",
      "image_url": "https://imageproxy.wolt.com/menu/menu-images/63ad795db242366d1f818f36/9e5c7398-be3e-11f0-8570-5278312491c5_27007839.jpg",
      "categories": [
        "TRVANLIVÉ",
        "KEČUPY A HOŘČICE"
      ],
      "prices": [
        {
          "store_name": "Albert",
          "price": 67.9,
          "original_price": null,
          "unit_price": 261.15,
          "unit": "Kg",
          "package_size": "260 g",
          "condition": null
        }
      ],
      "description": null
    },
    {
      "name": "Sparta Classic",
      "brand": "Sparta",
      "product_url": "https://wolt.com/cs/cze/prague/venue/albert-vinohradska/sparta-classic-itemid-64ca0b7cba162577de488c27",
      "image_url": "https://imageproxy.wolt.com/menu/menu-images/64ffec4406cca0140dfab831/7fc9ed7a-8eac-11ee-93f3-ca969f421442_20309480.jpg",
      "categories": [
        "DOMÁCNOST A ZAHRADA",
        "CIGARETY"
      ],
      "prices": [
        {
          "store_name": "Albert",
          "price": 166.0,
          "original_price": null,
          "unit_price": 166.0,
          "unit": "ks",
          "package_size": "‪1‬ kus",
          "condition": "18+"
        }
      ],
      "description": null
    },
    {
      "name": "Nestlé Nesquik mix",
      "brand": "Nestlé",
      "product_url": "https://wolt.com/cs/cze/prague/venue/albert-vinohradska/nestle-nesquik-mix-itemid-64ca0b7cba162577de489b71",
      "image_url": "https://imageproxy.wolt.com/menu/menu-images/64ffec4406cca0140dfab831/92f577e0-8ec8-11ee-a4bb-b649ab0f849e_27725986.jpg",
      "categories": [
        "TRVANLIVÉ",
        "MÜSLI A CEREÁLIE"
      ],
      "prices": [
        {
          "store_name": "Albert",
          "price": 119.9,
          "original_price": null,
          "unit_price": 368.92,
          "unit": "Kg",
          "package_size": "325 g",
          "condition": null
        }
      ],
      "description": null
    },
    {
      "name": "HiPP Babysanft Šampon",
      "brand": "HiPP",
      "product_url": "https://wolt.com/cs/cze/prague/venue/albert-vinohradska/hipp-babysanft-sampon-itemid-64ca0b7cba162577de489bee",
      "image_url": "https://imageproxy.wolt.com/menu/menu-images/64ffec4406cca0140dfab831/8364f4fc-8eb1-11ee-9306-76d8d681f910_24402170.jpg",
      "categories": [
        "DÍTĚ",
        "DĚTSKÁ KOSMETIKA"
      ],
      "prices": [
        {
          "store_name": "Albert",
          "price": 109.9,
          "original_price": null,
          "unit_price": 549.5,
          "unit": "l",
          "package_size": "200 ml",
          "condition": null
        }
      ],
      "description": null
    },
    {
      "name": "Eduscho Classic instantní káva",
      "brand": "Eduscho",
      "product_url": "https://wolt.com/cs/cze/prague/venue/albert-vinohradska/eduscho-classic-instantni-kava-itemid-657233256818b938df948bee",
      "image_url": "https://imageproxy.wolt.com/menu/menu-images/64ffec4406cca0140dfab831/a6b4bb04-8eca-11ee-b47b-fa8414d4bbe8_27785027.jpg",
      "categories": [
        "NÁPOJE",
        "KÁVA A ČAJ"
      ],
      "prices": [
        {
          "store_name": "Albert",
          "price": 279.0,
          "original_price": null,
          "unit_price": 1395.0,
          "unit": "Kg",
          "package_size": "200 g",
          "condition": null
        }
      ],
      "description": null
    },
    {
      "name": "Bohemia Tyčinky z pece bramborové",
      "brand": "Bohemia",
      "product_url": "https://wolt.com/cs/cze/prague/venue/albert-vinohradska/bohemia-tycinky-z-pece-bramborove-itemid-651c854ff53bbcfea7f0d38b",
      "image_url": "https://imageproxy.wolt.com/menu/menu-images/64ffec4406cca0140dfab831/2fd8fce8-8eca-11ee-9006-4a4c48cd47e0_27772584.jpg",
      "categories": [
        "TRVANLIVÉ",
        "SLANÉ"
      ],
      "prices": [
        {
          "store_name": "Albert",
          "price": 29.9,
          "original_price": null,
          "unit_price": 373.75,
          "unit": "Kg",
          "package_size": "80 g",
          "condition": null
        }
      ],
      "description": null
    },
    {
      "name": "Bon Pari Super kyselé",
      "brand": "Bon",
      "product_url": "https://wolt.com/cs/cze/prague/venue/albert-vinohradska/bon-pari-super-kysele-itemid-64ca0b7cba162577de48999c",
      "image_url": "https://imageproxy.wolt.com/menu/menu-images/6745ec28c3b7723db3588430/0bef2732-da6b-11f0-8775-5e73ce4d64d2_20997762.jpg",
      "categories": [
        "TRVANLIVÉ",
        "SLADKOSTI"
      ],
      "prices": [
        {
          "store_name": "Albert",
          "price": 19.9,
          "original_price": null,
          "unit_price": 221.11,
          "unit": "Kg",
          "package_size": "90 g",
          "condition": null
        }
      ],
      "description": null
    },
    {
      "name": "World's Market sušená rajčata v oleji",
      "brand": "World's Market",
      "product_url": "https://wolt.com/cs/cze/prague/venue/albert-vinohradska/world-s-market-susena-rajcata-v-oleji-itemid-681b5abffcbd67bf7a8f49f1",
      "image_url": "https://imageproxy.wolt.com/menu/menu-images/63ad795db242366d1f818f36/7d27fd9e-2b47-11f0-afd6-de824329186e_27890202.jpg",
      "categories": [
        "TRVANLIVÉ",
        "KONZERVOVANÉ POTR."
      ],
      "prices": [
        {
          "store_name": "Albert",
          "price": 64.9,
          "original_price": null,
          "unit_price": 360.56,
          "unit": "Kg",
          "package_size": "180 g",
          "condition": null
        }
      ],
      "description": null
    },
    {
      "name": "Giana Sardinky v oleji",
      "brand": "Giana",
      "product_url": "https://wolt.com/cs/cze/prague/venue/albert-vinohradska/giana-sardinky-v-oleji-itemid-64ca0b7cba162577de4896df",
      "image_url": "https://imageproxy.wolt.com/menu/menu-images/63ad795db242366d1f818f36/d9e6d66a-7825-11f0-9537-f2fa7a2cce89_21641275.jpg",
      "categories": [
        "TRVANLIVÉ",
        "KONZERVOVANÉ POTR."
      ],
      "prices": [
        {
          "store_name": "Albert",
          "price": 31.9,
          "original_price": null,
          "unit_price": 354.44,
          "unit": "Kg",
          "package_size": "90 g",
          "condition": null
        }
      ],
      "description": null
    },
    {
      "name": "Lučina",
      "brand": "Lučina",
      "product_url": "https://wolt.com/cs/cze/prague/venue/albert-vinohradska/lucina-itemid-64ca0b7cba162577de48904b",
      "image_url": "https://imageproxy.wolt.com/menu/menu-images/63ad795db242366d1f818f36/e661885a-25b3-11f0-aa86-e6cbe64f0185_20675165.jpg",
      "categories": [
        "MLÉČNÉ A CHLAZENÉ",
        "SÝRY"
      ],
      "prices": [
        {
          "store_name": "Albert",
          "price": null,
          "original_price": null,
          "unit_price": 239.0,
          "unit": "Kg",
          "package_size": "100 g",
          "condition": "Sleva"
        }
      ],
      "description": null
    },
    {
      "name": "First Class Paštika s drůbežím",
      "brand": "First",
      "product_url": "https://wolt.com/cs/cze/prague/venue/albert-vinohradska/first-class-pastika-s-drubezim-itemid-64ca0b7cba162577de489b94",
      "image_url": "https://imageproxy.wolt.com/menu/menu-images/64ffec4406cca0140dfab831/e9be5286-8eaf-11ee-92cb-424f0985e4ef_23574168.jpg",
      "categories": [
        "ZVÍŘATA",
        "PSI"
      ],
      "prices": [
        {
          "store_name": "Albert",
          "price": 35.9,
          "original_price": null,
          "unit_price": 119.67,
          "unit": "Kg",
          "package_size": "300 g",
          "condition": null
        }
      ],
      "description": null
    },
    {
      "name": "Nature's Promise Cappaletti toscana",
      "brand": "Nature's Promise",
      "product_url": "https://wolt.com/cs/cze/prague/venue/albert-vinohradska/nature-s-promise-cappaletti-toscana-itemid-657233256818b938df947d5f",
      "image_url": "https://imageproxy.wolt.com/menu/menu-images/64ffec4406cca0140dfab831/d4a4aefc-8ebb-11ee-8b5a-0ece4ee3fc04_26806365.jpg",
      "categories": [
        "UZENINY A LAHŮDKY",
        "HOTOVKY A PŘÍLOHY"
      ],
      "prices": [
        {
          "store_name": "Albert",
          "price": null,
          "original_price": null,
          "unit_price": 149.75,
          "unit": "Kg",
          "package_size": "400 g",
          "condition": "Sleva, Vyprodáno"
        }
      ],
      "description": null
    },
    {
      "name": "Pedigree Schmackos Mix",
      "brand": "Pedigree",
      "product_url": "https://wolt.com/cs/cze/prague/venue/albert-vinohradska/pedigree-schmackos-mix-itemid-657233256818b938df948231",
      "image_url": "https://imageproxy.wolt.com/menu/menu-images/6745ec28c3b7723db3588430/190bd0c8-da6b-11f0-be7b-0679df55b304_27250396.jpg",
      "categories": [
        "ZVÍŘATA",
        "PSI"
      ],
      "prices": [
        {
          "store_name": "Albert",
          "price": 64.9,
          "original_price": null,
          "unit_price": 450.69,
          "unit": "Kg",
          "package_size": "144 g",
          "condition": null
        }
      ],
      "description": null
    },
    {
      "name": "Extrudo Mouka rýžová výběrová",
      "brand": "Extrudo",
      "product_url": "https://wolt.com/cs/cze/prague/venue/albert-vinohradska/extrudo-mouka-ryzova-vyberova-itemid-64ca0b7cba162577de4888df",
      "image_url": "https://imageproxy.wolt.com/menu/menu-images/64ffec4406cca0140dfab831/41a90e22-8ebb-11ee-a29c-fe2992cf6bd0_26759111.jpg",
      "categories": [
        "TRVANLIVÉ",
        "PEČENÍ A VAŘENÍ"
      ],
      "prices": [
        {
          "store_name": "Albert",
          "price": 34.9,
          "original_price": null,
          "unit_price": 87.25,
          "unit": "Kg",
          "package_size": "400 g",
          "condition": null
        }
      ],
      "description": null
    },
    {
      "name": "VARTA Longlife AAA alkalické baterie",
      "brand": "VARTA",
      "product_url": "https://wolt.com/cs/cze/prague/venue/albert-vinohradska/varta-longlife-aaa-alkalicke-baterie-itemid-64ca0b7cba162577de489bd0",
      "image_url": "https://imageproxy.wolt.com/menu/menu-images/64ffec4406cca0140dfab831/5fb281a8-8eb3-11ee-abc8-b287692f5450_25025637.jpg",
      "categories": [
        "DOMÁCNOST A ZAHRADA",
        "BATERIE"
      ],
      "prices": [
        {
          "store_name": "Albert",
          "price": 89.9,
          "original_price": null,
          "unit_price": 22.48,
          "unit": "ks",
          "package_size": "‪4‬ kusů",
          "condition": null
        }
      ],
      "description": null
    },
    {
      "name": "Ever-G Energetický nápoj light",
      "brand": "Ever-G",
      "product_url": "https://wolt.com/cs/cze/prague/venue/albert-vinohradska/ever-g-energeticky-napoj-light-itemid-64ca0b7cba162577de488a21",
      "image_url": "https://imageproxy.wolt.com/menu/menu-images/63ad795db242366d1f818f36/43614404-7fed-11ef-b143-5ae5a18822ca_27007488.jpg",
      "categories": [
        "NÁPOJE",
        "ENERGY NÁPOJE"
      ],
      "prices": [
        {
          "store_name": "Albert",
          "price": 9.9,
          "original_price": null,
          "unit_price": 39.6,
          "unit": "l",
          "package_size": "250 ml",
          "condition": null
        }
      ],
      "description": null
    },
    {
      "name": "Gustona Bramborové Krokety",
      "brand": "Gustona",
      "product_url": "https://wolt.com/cs/cze/prague/venue/albert-vinohradska/gustona-bramborove-krokety-itemid-6876153a0c6218e9f3e5f48e",
      "image_url": "https://imageproxy.wolt.com/menu/menu-images/64b62ec5e5ab70cdc92e30f0/37ed2b4c-616f-11f0-8007-eee891ea3f78_27846902.jpg",
      "categories": [
        "MRAŽENÉ POTRAVINY",
        "HRANOLKY"
      ],
      "prices": [
        {
          "store_name": "Albert",
          "price": 59.9,
          "original_price": null,
          "unit_price": 99.83,
          "unit": "Kg",
          "package_size": "600 g",
          "condition": null
        }
      ],
      "description": null
    },
    {
      "name": "Albert Maliny",
      "brand": "Albert",
      "product_url": "https://wolt.com/cs/cze/prague/venue/albert-vinohradska/albert-maliny-itemid-64ca0b7cba162577de488557",
      "image_url": "https://imageproxy.wolt.com/menu/menu-images/63ad795db242366d1f818f36/570a1bac-cca1-11ee-a0dc-16cadc7cb630_20442262.jpg",
      "categories": [
        "OVOCE A ZELENINA",
        "OVOCE"
      ],
      "prices": [
        {
          "store_name": "Albert",
          "price": 59.9,
          "original_price": null,
          "unit_price": 479.2,
          "unit": "Kg",
          "package_size": "125 g",
          "condition": "Vyprodáno"
        }
      ],
      "description": null
    },
    {
      "name": "Kitbis Oplatka s lískoořechovou náplní",
      "brand": "Kitbis",
      "product_url": "https://wolt.com/cs/cze/prague/venue/albert-vinohradska/kitbis-oplatka-s-liskoorechovou-naplni-itemid-64ca0b7cba162577de489090",
      "image_url": "https://imageproxy.wolt.com/menu/menu-images/64ffec4406cca0140dfab831/ac1213b8-8eb0-11ee-8bba-7a4dcb26504b_23919723.jpg",
      "categories": [
        "TRVANLIVÉ",
        "SLADKOSTI"
      ],
      "prices": [
        {
          "store_name": "Albert",
          "price": 5.8,
          "original_price": null,
          "unit_price": 145.0,
          "unit": "Kg",
          "package_size": "40 g",
          "condition": null
        }
      ],
      "description": null
    },
    {
      "name": "Pom-Bär s příchutí kečupu",
      "brand": "Pom-Bär",
      "product_url": "https://wolt.com/cs/cze/prague/venue/albert-vinohradska/pom-bar-s-prichuti-kecupu-itemid-64ca0b7cba162577de4897c3",
      "image_url": "https://imageproxy.wolt.com/menu/menu-images/63ad795db242366d1f818f36/dce9f2aa-7827-11f0-a79a-9a3afcb869d0_27265895.jpg",
      "categories": [
        "TRVANLIVÉ",
        "SLANÉ"
      ],
      "prices": [
        {
          "store_name": "Albert",
          "price": 59.9,
          "original_price": null,
          "unit_price": 544.55,
          "unit": "Kg",
          "package_size": "110 g",
          "condition": null
        }
      ],
      "description": null
    },
    {
      "name": "Kinder Pinguí Čokoláda",
      "brand": "Kinder",
      "product_url": "https://wolt.com/cs/cze/prague/venue/albert-vinohradska/kinder-pingui-cokolada-itemid-64ca0b7cba162577de488461",
      "image_url": "https://imageproxy.wolt.com/menu/menu-images/63ad795db242366d1f818f36/10a9c108-7a84-11ef-bc20-cac69c005da3_20393106.jpg",
      "categories": [
        "MLÉČNÉ A CHLAZENÉ",
        "JOGURTY A DEZERTY"
      ],
      "prices": [
        {
          "store_name": "Albert",
          "price": null,
          "original_price": null,
          "unit_price": 663.33,
          "unit": "Kg",
          "package_size": "30 g",
          "condition": "Sleva"
        }
      ],
      "description": null
    },
    {
      "name": "Nature's Promise Křupky natural",
      "brand": "Nature's Promise",
      "product_url": "https://wolt.com/cs/cze/prague/venue/albert-vinohradska/nature-s-promise-krupky-natural-itemid-64ca0b7cba162577de488dc5",
      "image_url": "https://imageproxy.wolt.com/menu/menu-images/63ad795db242366d1f818f36/0a72f128-ed44-11ef-9b0e-0eab7759426c_26809007.jpg",
      "categories": [
        "DÍTĚ",
        "VÝŽIVA"
      ],
      "prices": [
        {
          "store_name": "Albert",
          "price": 18.5,
          "original_price": null,
          "unit_price": 185.0,
          "unit": "Kg",
          "package_size": "100 g",
          "condition": null
        }
      ],
      "description": null
    },
    {
      "name": "Albert Alsaský koláč Flammkuchen těsto",
      "brand": "Albert",
      "product_url": "https://wolt.com/cs/cze/prague/venue/albert-vinohradska/albert-alsasky-kolac-flammkuchen-testo-itemid-6601efbbf0f9d316a6e68506",
      "image_url": "https://imageproxy.wolt.com/menu/menu-images/6601c613e48d1c8d95333085/609ca8b2-eae5-11ee-ad80-0279839fcf9e_27831908.jpg",
      "categories": [
        "UZENINY A LAHŮDKY",
        "HOTOVKY A PŘÍLOHY"
      ],
      "prices": [
        {
          "store_name": "Albert",
          "price": 34.9,
          "original_price": null,
          "unit_price": 124.64,
          "unit": "Kg",
          "package_size": "280 g",
          "condition": null
        }
      ],
      "description": null
    },
    {
      "name": "Dr. Oetker Ristorante Pizza Polo",
      "brand": "Dr. Oetker",
      "product_url": "https://wolt.com/cs/cze/prague/venue/albert-vinohradska/dr-oetker-ristorante-pizza-polo-itemid-6876153a0c6218e9f3e5f445",
      "image_url": "https://imageproxy.wolt.com/menu/menu-images/63ad795db242366d1f818f36/1edcd1ee-a8ea-11f0-a739-5adb9580de47_26909318.jpg",
      "categories": [
        "MRAŽENÉ POTRAVINY",
        "MRAŽENÁ PIZZA A HOTOVÁ JÍDLA"
      ],
      "prices": [
        {
          "store_name": "Albert",
          "price": 89.9,
          "original_price": null,
          "unit_price": 253.24,
          "unit": "Kg",
          "package_size": "355 g",
          "condition": null
        }
      ],
      "description": null
    },
    {
      "name": "Albert Polomáčené sušenky s polevou bez lepku",
      "brand": "Albert",
      "product_url": "https://wolt.com/cs/cze/prague/venue/albert-vinohradska/albert-polomacene-susenky-s-polevou-bez-lepku-itemid-681b5abffcbd67bf7a8f4a7d",
      "image_url": "https://imageproxy.wolt.com/menu/menu-images/63ad795db242366d1f818f36/c98fbbb8-2b47-11f0-b8e9-06428b1fb390_27968642.jpg",
      "categories": [
        "TRVANLIVÉ",
        "SPECIÁLNÍ"
      ],
      "prices": [
        {
          "store_name": "Albert",
          "price": null,
          "original_price": null,
          "unit_price": 286.25,
          "unit": "Kg",
          "package_size": "80 g",
          "condition": "Sleva"
        }
      ],
      "description": null
    },
    {
      "name": "Canti Prosecco Ice",
      "brand": "Canti",
      "product_url": "https://wolt.com/cs/cze/prague/venue/albert-vinohradska/canti-prosecco-ice-itemid-64ca0b7cba162577de48974a",
      "image_url": "https://imageproxy.wolt.com/menu/menu-images/64ffec4406cca0140dfab831/c358e538-8ebf-11ee-b68d-2ea44b0f5f93_27133118.jpg",
      "categories": [
        "NÁPOJE",
        "VÍNA"
      ],
      "prices": [
        {
          "store_name": "Albert",
          "price": 199.0,
          "original_price": null,
          "unit_price": 265.33,
          "unit": "l",
          "package_size": "750 ml, 11% alc",
          "condition": "18+"
        }
      ],
      "description": null
    },
    {
      "name": "Sedlčanský Hermelín smetanový",
      "brand": "Sedlčanský",
      "product_url": "https://wolt.com/cs/cze/prague/venue/albert-vinohradska/sedlcansky-hermelin-smetanovy-itemid-64ca0b7cba162577de4885ed",
      "image_url": "https://imageproxy.wolt.com/menu/menu-images/63ad795db242366d1f818f36/ddd70322-25b3-11f0-9f6d-0eb794e1030b_20295486.jpg",
      "categories": [
        "MLÉČNÉ A CHLAZENÉ",
        "SÝRY"
      ],
      "prices": [
        {
          "store_name": "Albert",
          "price": null,
          "original_price": null,
          "unit_price": 329.0,
          "unit": "Kg",
          "package_size": "100 g",
          "condition": "Sleva"
        }
      ],
      "description": null
    },
    {
      "name": "Starbucks by Nespresso House Blend kapsle",
      "brand": "Starbucks",
      "product_url": "https://wolt.com/cs/cze/prague/venue/albert-vinohradska/starbucks-by-nespresso-house-blend-kapsle-itemid-64ca0b7cba162577de48a6d1",
      "image_url": "https://imageproxy.wolt.com/menu/menu-images/64ffec4406cca0140dfab831/950f3922-8ec2-11ee-9c41-fae72eeefc2d_27311646.jpg",
      "categories": [
        "NÁPOJE",
        "KÁVA A ČAJ"
      ],
      "prices": [
        {
          "store_name": "Albert",
          "price": 119.9,
          "original_price": null,
          "unit_price": 11.99,
          "unit": "ks",
          "package_size": "‪10‬ kusů",
          "condition": null
        }
      ],
      "description": null
    },
    {
      "name": "Milko High Protein super jogurt bílý",
      "brand": "Milko",
      "product_url": "https://wolt.com/cs/cze/prague/venue/albert-vinohradska/milko-high-protein-super-jogurt-bily-itemid-66023209f1884295a0495747",
      "image_url": "https://imageproxy.wolt.com/menu/menu-images/63ad795db242366d1f818f36/62b7f28e-2b47-11f0-b98a-26adcdbea7f7_27843499.jpg",
      "categories": [
        "MLÉČNÉ A CHLAZENÉ",
        "JOGURTY A DEZERTY"
      ],
      "prices": [
        {
          "store_name": "Albert",
          "price": 21.9,
          "original_price": null,
          "unit_price": 146.0,
          "unit": "Kg",
          "package_size": "150 g",
          "condition": null
        }
      ],
      "description": null
    },
    {
      "name": "Teekanne Ovocný čaj Fresh Orange",
      "brand": "Teekanne",
      "product_url": "https://wolt.com/cs/cze/prague/venue/albert-vinohradska/teekanne-ovocny-caj-fresh-orange-itemid-64ca0b7cba162577de4896fe",
      "image_url": "https://imageproxy.wolt.com/menu/menu-images/64ffec4406cca0140dfab831/b4a78e9a-8eb0-11ee-88ac-8e50ebf9f3ec_23954960.jpg",
      "categories": [
        "NÁPOJE",
        "KÁVA A ČAJ"
      ],
      "prices": [
        {
          "store_name": "Albert",
          "price": 44.9,
          "original_price": null,
          "unit_price": 997.78,
          "unit": "Kg",
          "package_size": "45 g",
          "condition": null
        }
      ],
      "description": null
    },
    {
      "name": "Lovepet Kousky s drůběžím v omáčce",
      "brand": "Lovepet",
      "product_url": "https://wolt.com/cs/cze/prague/venue/albert-vinohradska/lovepet-kousky-s-drubezim-v-omacce-itemid-66021a7e926c402ccceb15f9",
      "image_url": "https://imageproxy.wolt.com/menu/menu-images/6601c613e48d1c8d95333085/17635170-eae3-11ee-b221-0af811d5ce2c_26444314.jpg",
      "categories": [
        "ZVÍŘATA",
        "PSI"
      ],
      "prices": [
        {
          "store_name": "Albert",
          "price": 16.9,
          "original_price": null,
          "unit_price": 40.72,
          "unit": "Kg",
          "package_size": "415 g",
          "condition": null
        }
      ],
      "description": null
    },
    {
      "name": "Kostka s pudinkem a čokoládovým posypem",
      "brand": "Kostka",
      "product_url": "https://wolt.com/cs/cze/prague/venue/albert-vinohradska/kostka-s-pudinkem-a-cokoladovym-posypem-itemid-64ca0b7cba162577de488615",
      "image_url": "https://imageproxy.wolt.com/menu/menu-images/63ad795db242366d1f818f36/b9c4d784-66af-11ef-9ca1-0a22b9abcbe0_26315621.jpg",
      "categories": [
        "PEKÁRNA A CUKRÁRNA",
        "SLADKÉ PEČIVO VOLNÉ"
      ],
      "prices": [
        {
          "store_name": "Albert",
          "price": null,
          "original_price": null,
          "unit_price": 143.52,
          "unit": "Kg",
          "package_size": "108 g",
          "condition": "Sleva"
        }
      ],
      "description": null
    },
    {
      "name": "Madeta MAXI Lipánek duo kakaovo-vanilkový",
      "brand": "Madeta",
      "product_url": "https://wolt.com/cs/cze/prague/venue/albert-vinohradska/madeta-maxi-lipanek-duo-kakaovo-vanilkovy-itemid-64ca0b7cba162577de488099",
      "image_url": "https://imageproxy.wolt.com/menu/menu-images/64ffec4406cca0140dfab831/f4d44aa8-8eb0-11ee-a2d4-b6ff72c7a500_24153126.jpg",
      "categories": [
        "MLÉČNÉ A CHLAZENÉ",
        "JOGURTY A DEZERTY"
      ],
      "prices": [
        {
          "store_name": "Albert",
          "price": 23.9,
          "original_price": null,
          "unit_price": 183.85,
          "unit": "Kg",
          "package_size": "130 g",
          "condition": null
        }
      ],
      "description": null
    },
    {
      "name": "Five Star Mix tuňákových salátů",
      "brand": "Five",
      "product_url": "https://wolt.com/cs/cze/prague/venue/albert-vinohradska/five-star-mix-tunakovych-salatu-itemid-657233256818b938df9484c0",
      "image_url": "https://imageproxy.wolt.com/menu/menu-images/64ffec4406cca0140dfab831/88401af6-8eb1-11ee-a598-fe2992cf6bd0_24408783.jpg",
      "categories": [
        "TRVANLIVÉ",
        "KONZERVOVANÉ POTR."
      ],
      "prices": [
        {
          "store_name": "Albert",
          "price": 52.9,
          "original_price": null,
          "unit_price": 285.95,
          "unit": "Kg",
          "package_size": "185 g",
          "condition": null
        }
      ],
      "description": null
    },
    {
      "name": "Panzani Penne Rigate",
      "brand": "Panzani",
      "product_url": "https://wolt.com/cs/cze/prague/venue/albert-vinohradska/panzani-penne-rigate-itemid-64ca0b7cba162577de48958b",
      "image_url": "https://imageproxy.wolt.com/menu/menu-images/64ffec4406cca0140dfab831/2a1d9870-8eae-11ee-bd48-aa21438df9a4_22002228.jpg",
      "categories": [
        "TRVANLIVÉ",
        "TĚSTOVINY A KUSKUS"
      ],
      "prices": [
        {
          "store_name": "Albert",
          "price": null,
          "original_price": null,
          "unit_price": 59.8,
          "unit": "Kg",
          "package_size": "500 g",
          "condition": "Sleva"
        }
      ],
      "description": null
    },
    {
      "name": "Franz Josef Kaiser Tuňákový salát Mexiko",
      "brand": "Franz Josef Kaiser",
      "product_url": "https://wolt.com/cs/cze/prague/venue/albert-vinohradska/franz-josef-kaiser-tunakovy-salat-mexiko-itemid-64ca0b7cba162577de489432",
      "image_url": "https://imageproxy.wolt.com/menu/menu-images/64ffec4406cca0140dfab831/a15af35e-8ebf-11ee-8724-b29f7f1f7f8d_27125168.jpg",
      "categories": [
        "TRVANLIVÉ",
        "KONZERVOVANÉ POTR."
      ],
      "prices": [
        {
          "store_name": "Albert",
          "price": 44.9,
          "original_price": null,
          "unit_price": 280.63,
          "unit": "Kg",
          "package_size": "160 g",
          "condition": null
        }
      ],
      "description": null
    },
    {
      "name": "Korunní Citron jemně perlivá",
      "brand": "Korunní",
      "product_url": "https://wolt.com/cs/cze/prague/venue/albert-vinohradska/korunni-citron-jemne-perliva-itemid-64ca0b7cba162577de4881c7",
      "image_url": "https://imageproxy.wolt.com/menu/menu-images/64ffec4406cca0140dfab831/ddc809ec-8ead-11ee-bf10-424f0985e4ef_21394362.jpg",
      "categories": [
        "NÁPOJE",
        "VODY A MINERÁLKY"
      ],
      "prices": [
        {
          "store_name": "Albert",
          "price": 14.9,
          "original_price": null,
          "unit_price": 9.93,
          "unit": "l",
          "package_size": "1,5 l",
          "condition": null
        }
      ],
      "description": null
    },
    {
      "name": "Albert Toustový chléb celozrnný, krájený",
      "brand": "Albert",
      "product_url": "https://wolt.com/cs/cze/prague/venue/albert-vinohradska/albert-toustovy-chleb-celozrnny-krajeny-itemid-64ca0b7cba162577de488405",
      "image_url": "https://imageproxy.wolt.com/menu/menu-images/63ad795db242366d1f818f36/0c0f0c34-7826-11f0-8a8f-cad3cc276e48_24955034.jpg",
      "categories": [
        "PEKÁRNA A CUKRÁRNA",
        "CHLÉB BALENÝ"
      ],
      "prices": [
        {
          "store_name": "Albert",
          "price": 29.9,
          "original_price": null,
          "unit_price": 59.8,
          "unit": "Kg",
          "package_size": "500 g",
          "condition": null
        }
      ],
      "description": null
    },
    {
      "name": "Albert Happy Baby Pleny Maxi",
      "brand": "Albert",
      "product_url": "https://wolt.com/cs/cze/prague/venue/albert-vinohradska/albert-happy-baby-pleny-maxi-itemid-64ca0b7cba162577de489967",
      "image_url": "https://imageproxy.wolt.com/menu/menu-images/64ffec4406cca0140dfab831/39279f68-8ec8-11ee-89de-8a641e6c096e_27710371.jpg",
      "categories": [
        "DÍTĚ",
        "PLENY A PODLOŽKY"
      ],
      "prices": [
        {
          "store_name": "Albert",
          "price": 249.0,
          "original_price": null,
          "unit_price": 2.96,
          "unit": "ks",
          "package_size": "‪84‬ kusů",
          "condition": null
        }
      ],
      "description": null
    },
    {
      "name": "Nature's Promise Hummus klasik",
      "brand": "Nature's Promise",
      "product_url": "https://wolt.com/cs/cze/prague/venue/albert-vinohradska/nature-s-promise-hummus-klasik-itemid-64ca0b7cba162577de488d5b",
      "image_url": "https://imageproxy.wolt.com/menu/menu-images/63ad795db242366d1f818f36/ac077294-aef6-11ee-acc2-a6a990b2485b_27160275.jpg",
      "categories": [
        "UZENINY A LAHŮDKY",
        "SALÁTY A POMAZÁNKY"
      ],
      "prices": [
        {
          "store_name": "Albert",
          "price": null,
          "original_price": null,
          "unit_price": 218.13,
          "unit": "Kg",
          "package_size": "160 g",
          "condition": "Sleva"
        }
      ],
      "description": null
    },
    {
      "name": "Felix Party Mix Picnic",
      "brand": "Felix",
      "product_url": "https://wolt.com/cs/cze/prague/venue/albert-vinohradska/felix-party-mix-picnic-itemid-6601e7915402ee960d6757e7",
      "image_url": "https://imageproxy.wolt.com/menu/menu-images/6601c613e48d1c8d95333085/0460dd5e-eae3-11ee-a5b6-f2c1f47dde5c_26273785.jpg",
      "categories": [
        "ZVÍŘATA",
        "KOČKY"
      ],
      "prices": [
        {
          "store_name": "Albert",
          "price": 38.9,
          "original_price": null,
          "unit_price": 648.33,
          "unit": "Kg",
          "package_size": "60 g",
          "condition": null
        }
      ],
      "description": null
    },
    {
      "name": "Panzani Carbonara smetanová omáčka",
      "brand": "Panzani",
      "product_url": "https://wolt.com/cs/cze/prague/venue/albert-vinohradska/panzani-carbonara-smetanova-omacka-itemid-657233256818b938df947934",
      "image_url": "https://imageproxy.wolt.com/menu/menu-images/64ffec4406cca0140dfab831/5f9fd872-8eb4-11ee-840f-e6fbf8d3c3b0_25305395.jpg",
      "categories": [
        "TRVANLIVÉ",
        "KEČUPY A HOŘČICE"
      ],
      "prices": [
        {
          "store_name": "Albert",
          "price": 69.9,
          "original_price": null,
          "unit_price": 188.92,
          "unit": "Kg",
          "package_size": "370 g",
          "condition": null
        }
      ],
      "description": null
    },
    {
      "name": "Garnier Protection Fresh Antiperspirant sprej",
      "brand": "Garnier",
      "product_url": "https://wolt.com/cs/cze/prague/venue/albert-vinohradska/garnier-protection-fresh-antiperspirant-sprej-itemid-6601e2988721c9f2365ee612",
      "image_url": "https://imageproxy.wolt.com/menu/menu-images/6601c613e48d1c8d95333085/eb47657c-eae2-11ee-b061-0a57c3b26f42_25916782.jpg",
      "categories": [
        "DROGERIE A KOSMETIKA",
        "DEODORANTY"
      ],
      "prices": [
        {
          "store_name": "Albert",
          "price": 79.9,
          "original_price": null,
          "unit_price": 532.67,
          "unit": "l",
          "package_size": "150 ml",
          "condition": null
        }
      ],
      "description": null
    },
    {
      "name": "Opavia Kolonáda oplatky oříškočokoládová náplň",
      "brand": "Opavia",
      "product_url": "https://wolt.com/cs/cze/prague/venue/albert-vinohradska/opavia-kolonada-oplatky-oriskocokoladova-napln-itemid-64ca0b7cba162577de4881ab",
      "image_url": "https://imageproxy.wolt.com/menu/menu-images/64ffec4406cca0140dfab831/3fac9b16-8eac-11ee-bf13-361f92ce8d2c_20300227.jpg",
      "categories": [
        "TRVANLIVÉ",
        "SLADKOSTI"
      ],
      "prices": [
        {
          "store_name": "Albert",
          "price": 54.9,
          "original_price": null,
          "unit_price": 392.14,
          "unit": "Kg",
          "package_size": "140 g",
          "condition": null
        }
      ],
      "description": null
    },
    {
      "name": "Bonduelle Vapeur Hrášek jemný",
      "brand": "Bonduelle",
      "product_url": "https://wolt.com/cs/cze/prague/venue/albert-vinohradska/bonduelle-vapeur-hrasek-jemny-itemid-64ca0b7cba162577de489457",
      "image_url": "https://imageproxy.wolt.com/menu/menu-images/64ffec4406cca0140dfab831/8a711924-8eb6-11ee-b46c-feea992db910_25781533.jpg",
      "categories": [
        "TRVANLIVÉ",
        "KONZERVOVANÉ POTR."
      ],
      "prices": [
        {
          "store_name": "Albert",
          "price": 34.9,
          "original_price": null,
          "unit_price": 124.64,
          "unit": "Kg",
          "package_size": "280 g",
          "condition": null
        }
      ],
      "description": null
    },
    {
      "name": "Tuňákový salát Exotic",
      "brand": "Tuňákový",
      "product_url": "https://wolt.com/cs/cze/prague/venue/albert-vinohradska/tunakovy-salat-exotic-itemid-64ca0b7cba162577de4892d9",
      "image_url": "https://imageproxy.wolt.com/menu/menu-images/64ffec4406cca0140dfab831/1c12aa84-8eb5-11ee-b4cf-224a9e8cb6c6_25495928.jpg",
      "categories": [
        "TRVANLIVÉ",
        "KONZERVOVANÉ POTR."
      ],
      "prices": [
        {
          "store_name": "Albert",
          "price": 67.9,
          "original_price": null,
          "unit_price": 367.03,
          "unit": "Kg",
          "package_size": "185 g",
          "condition": null
        }
      ],
      "description": null
    },
    {
      "name": "Horal IPA",
      "brand": "Horal",
      "product_url": "https://wolt.com/cs/cze/prague/venue/albert-vinohradska/horal-ipa-itemid-657233256818b938df948b0c",
      "image_url": "https://imageproxy.wolt.com/menu/menu-images/64ffec4406cca0140dfab831/d2da0f4a-8ec0-11ee-8931-8a641e6c096e_27198513.jpg",
      "categories": [
        "NÁPOJE",
        "PIVA"
      ],
      "prices": [
        {
          "store_name": "Albert",
          "price": 99.9,
          "original_price": null,
          "unit_price": 99.9,
          "unit": "l",
          "package_size": "1 l, 6,3% alc",
          "condition": "18+"
        }
      ],
      "description": null
    },
    {
      "name": "Nestea Zelený čaj citrus",
      "brand": "Nestea",
      "product_url": "https://wolt.com/cs/cze/prague/venue/albert-vinohradska/nestea-zeleny-caj-citrus-itemid-657233256818b938df947c04",
      "image_url": "https://imageproxy.wolt.com/menu/menu-images/64ffec4406cca0140dfab831/6f21adcc-8ec1-11ee-a68f-9a1f6ae41663_27247594.jpg",
      "categories": [
        "NÁPOJE",
        "LIMONÁDY"
      ],
      "prices": [
        {
          "store_name": "Albert",
          "price": 41.9,
          "original_price": null,
          "unit_price": 27.93,
          "unit": "l",
          "package_size": "1,5 l",
          "condition": null
        }
      ],
      "description": null
    },
    {
      "name": "Milko Bio jogurt řeckého typu, odtučněný",
      "brand": "Milko",
      "product_url": "https://wolt.com/cs/cze/prague/venue/albert-vinohradska/milko-bio-jogurt-reckeho-typu-odtucneny-itemid-657233256818b938df9485e2",
      "image_url": "https://imageproxy.wolt.com/menu/menu-images/64ffec4406cca0140dfab831/22092d5e-8ebb-11ee-9626-36180384687e_26742618.jpg",
      "categories": [
        "MLÉČNÉ A CHLAZENÉ",
        "JOGURTY A DEZERTY"
      ],
      "prices": [
        {
          "store_name": "Albert",
          "price": 21.9,
          "original_price": null,
          "unit_price": 168.46,
          "unit": "Kg",
          "package_size": "130 g",
          "condition": null
        }
      ],
      "description": null
    },
    {
      "name": "Alpro Sójový dezert s vanilkovou příchutí",
      "brand": "Alpro",
      "product_url": "https://wolt.com/cs/cze/prague/venue/albert-vinohradska/alpro-sojovy-dezert-s-vanilkovou-prichuti-itemid-64ca0b7cba162577de489260",
      "image_url": "https://imageproxy.wolt.com/menu/menu-images/64ffec4406cca0140dfab831/b3223f42-8eb1-11ee-8b1c-2672547c66c2_24490757.jpg",
      "categories": [
        "MLÉČNÉ A CHLAZENÉ",
        "ROSTLINNÉ PRODUKTY"
      ],
      "prices": [
        {
          "store_name": "Albert",
          "price": null,
          "original_price": null,
          "unit_price": 159.2,
          "unit": "Kg",
          "package_size": "125 g",
          "condition": "Sleva"
        }
      ],
      "description": null
    },
    {
      "name": "Bref Power Aktiv Ocean tuhý WC blok",
      "brand": "Bref",
      "product_url": "https://wolt.com/cs/cze/prague/venue/albert-vinohradska/bref-power-aktiv-ocean-tuhy-wc-blok-itemid-64ca0b7cba162577de488dd1",
      "image_url": "https://imageproxy.wolt.com/menu/menu-images/63ad795db242366d1f818f36/4634f5f4-765b-11ef-8328-1ec094d99721_25939125.jpg",
      "categories": [
        "DOMÁCNOST A ZAHRADA",
        "ÚKLIDOVÉ POTŘEBY"
      ],
      "prices": [
        {
          "store_name": "Albert",
          "price": 64.9,
          "original_price": null,
          "unit_price": 432.67,
          "unit": "Kg",
          "package_size": "150 g",
          "condition": null
        }
      ],
      "description": null
    },
    {
      "name": "Albert Sýrové nitě přírodní",
      "brand": "Albert",
      "product_url": "https://wolt.com/cs/cze/prague/venue/albert-vinohradska/albert-syrove-nite-prirodni-itemid-64ca0b7cba162577de48a695",
      "image_url": "https://imageproxy.wolt.com/menu/menu-images/64ffec4406cca0140dfab831/8b244c16-8ec9-11ee-bbd4-2a0d2020cb56_27749838.jpg",
      "categories": [
        "MLÉČNÉ A CHLAZENÉ",
        "SÝRY"
      ],
      "prices": [
        {
          "store_name": "Albert",
          "price": 34.9,
          "original_price": null,
          "unit_price": 349.0,
          "unit": "Kg",
          "package_size": "100 g",
          "condition": null
        }
      ],
      "description": null
    },
    {
      "name": "Lagris Rýže arborio",
      "brand": "Lagris",
      "product_url": "https://wolt.com/cs/cze/prague/venue/albert-vinohradska/lagris-ryze-arborio-itemid-64ca0b7cba162577de489bdb",
      "image_url": "https://imageproxy.wolt.com/menu/menu-images/64ffec4406cca0140dfab831/0a531be6-8eb3-11ee-b640-2672547c66c2_24948616.jpg",
      "categories": [
        "TRVANLIVÉ",
        "RÝŽE A VAŘENÍ"
      ],
      "prices": [
        {
          "store_name": "Albert",
          "price": 64.9,
          "original_price": null,
          "unit_price": 129.8,
          "unit": "Kg",
          "package_size": "500 g",
          "condition": null
        }
      ],
      "description": null
    },
    {
      "name": "Bohemia Chips špíz",
      "brand": "Bohemia",
      "product_url": "https://wolt.com/cs/cze/prague/venue/albert-vinohradska/bohemia-chips-spiz-itemid-64ca0b7cba162577de489492",
      "image_url": "https://imageproxy.wolt.com/menu/menu-images/64ffec4406cca0140dfab831/4122b3f8-8ec1-11ee-bad0-ce752cd7e428_27228128.jpg",
      "categories": [
        "TRVANLIVÉ",
        "SLANÉ"
      ],
      "prices": [
        {
          "store_name": "Albert",
          "price": 59.9,
          "original_price": null,
          "unit_price": 460.77,
          "unit": "Kg",
          "package_size": "130 g",
          "condition": null
        }
      ],
      "description": null
    },
    {
      "name": "Nature's Promise Bio Mouka čiroková",
      "brand": "Nature's Promise",
      "product_url": "https://wolt.com/cs/cze/prague/venue/albert-vinohradska/nature-s-promise-bio-mouka-cirokova-itemid-64ca0b7cba162577de48a0de",
      "image_url": "https://imageproxy.wolt.com/menu/menu-images/64ffec4406cca0140dfab831/54705cd2-8ebf-11ee-803d-2ea44b0f5f93_27107102.jpg",
      "categories": [
        "TRVANLIVÉ",
        "SPECIÁLNÍ"
      ],
      "prices": [
        {
          "store_name": "Albert",
          "price": null,
          "original_price": null,
          "unit_price": 88.67,
          "unit": "Kg",
          "package_size": "450 g",
          "condition": "Sleva"
        }
      ],
      "description": null
    },
    {
      "name": "FINO LD Pytle Zeus Flex  40L",
      "brand": "FINO LD",
      "product_url": "https://wolt.com/cs/cze/prague/venue/albert-vinohradska/fino-ld-pytle-zeus-flex-40l-itemid-6601fd42bc987a329494ed86",
      "image_url": "https://imageproxy.wolt.com/menu/menu-images/63ad795db242366d1f818f36/516666dc-c471-11f0-b3f7-465a60a3cb4f_27567760.jpg",
      "categories": [
        "DOMÁCNOST A ZAHRADA",
        "ÚKLIDOVÉ POTŘEBY"
      ],
      "prices": [
        {
          "store_name": "Albert",
          "price": 69.9,
          "original_price": null,
          "unit_price": 5.83,
          "unit": "ks",
          "package_size": "‪12‬ kusů",
          "condition": null
        }
      ],
      "description": null
    },
    {
      "name": "Vitana Perníkové koření",
      "brand": "Vitana",
      "product_url": "https://wolt.com/cs/cze/prague/venue/albert-vinohradska/vitana-pernikove-koreni-itemid-64ca0b7cba162577de48906c",
      "image_url": "https://imageproxy.wolt.com/menu/menu-images/64ffec4406cca0140dfab831/cbfb6e72-8eba-11ee-9050-7a4dcb26504b_26685045.jpg",
      "categories": [
        "TRVANLIVÉ",
        "KOŘENÍ A OCHUCOVADLA"
      ],
      "prices": [
        {
          "store_name": "Albert",
          "price": 15.9,
          "original_price": null,
          "unit_price": 691.3,
          "unit": "Kg",
          "package_size": "23 g",
          "condition": null
        }
      ],
      "description": null
    },
    {
      "name": "Gustona Rýže loupaná",
      "brand": "Gustona",
      "product_url": "https://wolt.com/cs/cze/prague/venue/albert-vinohradska/gustona-ryze-loupana-itemid-657233256818b938df947927",
      "image_url": "https://imageproxy.wolt.com/menu/menu-images/63ad795db242366d1f818f36/92509b0a-3213-11ef-902d-e6c361d2f536_27426180.jpg",
      "categories": [
        "TRVANLIVÉ",
        "RÝŽE A LUŠTENINY"
      ],
      "prices": [
        {
          "store_name": "Albert",
          "price": 39.9,
          "original_price": null,
          "unit_price": 49.88,
          "unit": "Kg",
          "package_size": "800 g",
          "condition": null
        }
      ],
      "description": null
    },
    {
      "name": "Kitbis Cihličky Ovocné bonbony",
      "brand": "Kitbis",
      "product_url": "https://wolt.com/cs/cze/prague/venue/albert-vinohradska/kitbis-cihlicky-ovocne-bonbony-itemid-64ca0b7cba162577de489811",
      "image_url": "https://imageproxy.wolt.com/menu/menu-images/64ffec4406cca0140dfab831/a8197d04-8ebb-11ee-89f5-02d10f7fce64_26788036.jpg",
      "categories": [
        "TRVANLIVÉ",
        "SLADKOSTI"
      ],
      "prices": [
        {
          "store_name": "Albert",
          "price": 12.9,
          "original_price": null,
          "unit_price": 286.67,
          "unit": "Kg",
          "package_size": "45 g",
          "condition": null
        }
      ],
      "description": null
    },
    {
      "name": "Brit Premium Konzerva s jehněčím a pohankou",
      "brand": "Brit",
      "product_url": "https://wolt.com/cs/cze/prague/venue/albert-vinohradska/brit-premium-konzerva-s-jehnecim-a-pohankou-itemid-657233256818b938df948b01",
      "image_url": "https://imageproxy.wolt.com/menu/menu-images/63ad795db242366d1f818f36/f553999a-7827-11f0-84f2-7231b6d7c42b_27780718.jpg",
      "categories": [
        "ZVÍŘATA",
        "PSI"
      ],
      "prices": [
        {
          "store_name": "Albert",
          "price": 64.9,
          "original_price": null,
          "unit_price": 162.25,
          "unit": "Kg",
          "package_size": "400 g",
          "condition": null
        }
      ],
      "description": null
    },
    {
      "name": "Jacobs Velvet Gold Crema",
      "brand": "Jacobs",
      "product_url": "https://wolt.com/cs/cze/prague/venue/albert-vinohradska/jacobs-velvet-gold-crema-itemid-64ca0b7cba162577de48967b",
      "image_url": "https://imageproxy.wolt.com/menu/menu-images/63ad795db242366d1f818f36/0f7431a0-bbe4-11ef-9c6a-2e62bb526984_27655856.jpg",
      "categories": [
        "NÁPOJE",
        "KÁVA A ČAJ"
      ],
      "prices": [
        {
          "store_name": "Albert",
          "price": 229.0,
          "original_price": null,
          "unit_price": 1272.22,
          "unit": "Kg",
          "package_size": "180 g",
          "condition": null
        }
      ],
      "description": null
    },
    {
      "name": "Mleté hovězí maso 10 % tuku",
      "brand": "Mleté",
      "product_url": "https://wolt.com/cs/cze/prague/venue/albert-vinohradska/mlete-hovezi-maso-10-tuku-itemid-64ca0b7cba162577de488143",
      "image_url": "https://imageproxy.wolt.com/menu/menu-images/63ad795db242366d1f818f36/03cd882a-7826-11f0-afa6-baf22e6ba42e_24125499.jpg",
      "categories": [
        "MASO A RYBY",
        "HOVĚZÍ A TELECÍ"
      ],
      "prices": [
        {
          "store_name": "Albert",
          "price": 119.9,
          "original_price": null,
          "unit_price": 333.06,
          "unit": "Kg",
          "package_size": "360 g",
          "condition": null
        }
      ],
      "description": null
    },
    {
      "name": "Rýžové nudle - 3 mm široké",
      "brand": "Rýžové",
      "product_url": "https://wolt.com/cs/cze/prague/venue/albert-vinohradska/ryzove-nudle-3-mm-siroke-itemid-64ca0b7cba162577de489e1d",
      "image_url": "https://imageproxy.wolt.com/menu/menu-images/64ffec4406cca0140dfab831/0b74f7e4-8eb1-11ee-a30a-3a1814765055_24188340.jpg",
      "categories": [
        "TRVANLIVÉ",
        "MEZINÁRODNÍ KUCHYNĚ"
      ],
      "prices": [
        {
          "store_name": "Albert",
          "price": 79.9,
          "original_price": null,
          "unit_price": 199.75,
          "unit": "Kg",
          "package_size": "400 g",
          "condition": null
        }
      ],
      "description": null
    },
    {
      "name": "Tic Tac pomeranč",
      "brand": "Tic",
      "product_url": "https://wolt.com/cs/cze/prague/venue/albert-vinohradska/tic-tac-pomeranc-itemid-64ca0b7cba162577de4897f3",
      "image_url": "https://imageproxy.wolt.com/menu/menu-images/63ad795db242366d1f818f36/abb009d0-9796-11ef-93ad-8eb840aa905e_20300647.jpg",
      "categories": [
        "TRVANLIVÉ",
        "SLADKOSTI"
      ],
      "prices": [
        {
          "store_name": "Albert",
          "price": 19.9,
          "original_price": null,
          "unit_price": 1105.56,
          "unit": "Kg",
          "package_size": "18 g",
          "condition": null
        }
      ],
      "description": null
    },
    {
      "name": "Starbucks Madagascar Vanilla Macchiato kapsle",
      "brand": "Starbucks",
      "product_url": "https://wolt.com/cs/cze/prague/venue/albert-vinohradska/starbucks-madagascar-vanilla-macchiato-kapsle-itemid-657233256818b938df9482d4",
      "image_url": "https://imageproxy.wolt.com/menu/menu-images/63ad795db242366d1f818f36/8c364fc0-0609-11ef-85b4-b22a4f02b24e_27455296.jpg",
      "categories": [
        "NÁPOJE",
        "KÁVA A ČAJ"
      ],
      "prices": [
        {
          "store_name": "Albert",
          "price": 149.9,
          "original_price": null,
          "unit_price": 12.49,
          "unit": "ks",
          "package_size": "‪12‬ kusů",
          "condition": null
        }
      ],
      "description": null
    },
    {
      "name": "Olma Smetana na vaření 12%",
      "brand": "Olma",
      "product_url": "https://wolt.com/cs/cze/prague/venue/albert-vinohradska/olma-smetana-na-vareni-12-itemid-64ca0b7cba162577de48995a",
      "image_url": "https://imageproxy.wolt.com/menu/menu-images/64ffec4406cca0140dfab831/5027cff8-8eb4-11ee-9622-3ed0b25e551d_25283358.jpg",
      "categories": [
        "MLÉČNÉ A CHLAZENÉ",
        "SMETANY A ŠLEHAČKY"
      ],
      "prices": [
        {
          "store_name": "Albert",
          "price": 29.9,
          "original_price": null,
          "unit_price": 149.5,
          "unit": "Kg",
          "package_size": "200 g",
          "condition": null
        }
      ],
      "description": null
    },
    {
      "name": "Crispy flakes skořicové lupínky bez lepku",
      "brand": "Crispy",
      "product_url": "https://wolt.com/cs/cze/prague/venue/albert-vinohradska/crispy-flakes-skoricove-lupinky-bez-lepku-itemid-64ca0b7cba162577de488a97",
      "image_url": "https://imageproxy.wolt.com/menu/menu-images/64ffec4406cca0140dfab831/3c26d826-8ebb-11ee-9f3b-b6ff72c7a500_26759067.jpg",
      "categories": [
        "TRVANLIVÉ",
        "MÜSLI A CEREÁLIE"
      ],
      "prices": [
        {
          "store_name": "Albert",
          "price": null,
          "original_price": null,
          "unit_price": 198.75,
          "unit": "Kg",
          "package_size": "80 g",
          "condition": "Sleva"
        }
      ],
      "description": null
    },
    {
      "name": "Gillette Venus3 dámská pohotová holítka",
      "brand": "Gillette",
      "product_url": "https://wolt.com/cs/cze/prague/venue/albert-vinohradska/gillette-venus3-damska-pohotova-holitka-itemid-657233256818b938df947837",
      "image_url": "https://imageproxy.wolt.com/menu/menu-images/63ad795db242366d1f818f36/50649f4c-4e4d-11ef-b990-82250007c708_26556345.jpg",
      "categories": [
        "DROGERIE A KOSMETIKA",
        "HOLENÍ A DEPILACE"
      ],
      "prices": [
        {
          "store_name": "Albert",
          "price": 199.0,
          "original_price": null,
          "unit_price": 33.17,
          "unit": "ks",
          "package_size": "‪6‬ kusů",
          "condition": null
        }
      ],
      "description": null
    },
    {
      "name": "Albert Arašídy pražené neloupané",
      "brand": "Albert",
      "product_url": "https://wolt.com/cs/cze/prague/venue/albert-vinohradska/albert-arasidy-prazene-neloupane-itemid-64ca0b7cba162577de489b26",
      "image_url": "https://imageproxy.wolt.com/menu/menu-images/63ad795db242366d1f818f36/5d0ffa5c-c3f1-11ee-b667-7e45b4506b7f_23707016.jpg",
      "categories": [
        "OVOCE A ZELENINA",
        "SUCHÉ PLODY"
      ],
      "prices": [
        {
          "store_name": "Albert",
          "price": 29.9,
          "original_price": null,
          "unit_price": 149.5,
          "unit": "Kg",
          "package_size": "200 g",
          "condition": null
        }
      ],
      "description": null
    },
    {
      "name": "Somat Excellence 4v1 kapsle do myčky",
      "brand": "Somat",
      "product_url": "https://wolt.com/cs/cze/prague/venue/albert-vinohradska/somat-excellence-4v1-kapsle-do-mycky-itemid-657233256818b938df948322",
      "image_url": "https://imageproxy.wolt.com/menu/menu-images/63ad795db242366d1f818f36/516cfb28-c471-11f0-8797-ce61c04f7581_27729212.jpg",
      "categories": [
        "DROGERIE A KOSMETIKA",
        "MYTÍ NÁDOBÍ"
      ],
      "prices": [
        {
          "store_name": "Albert",
          "price": 379.0,
          "original_price": null,
          "unit_price": 5.05,
          "unit": "ks",
          "package_size": "‪75‬ kusů",
          "condition": null
        }
      ],
      "description": null
    },
    {
      "name": "Dr. Oetker Baguette Chesse & Tomato",
      "brand": "Dr. Oetker",
      "product_url": "https://wolt.com/cs/cze/prague/venue/albert-vinohradska/dr-oetker-baguette-chesse-tomato-itemid-6876153a0c6218e9f3e5f49b",
      "image_url": "https://imageproxy.wolt.com/menu/menu-images/63ad795db242366d1f818f36/3e6ca070-a8ea-11f0-a5e7-f2f06d62fbca_27855829.jpg",
      "categories": [
        "MRAŽENÉ POTRAVINY",
        "MRAŽENÁ PIZZA A HOTOVÁ JÍDLA"
      ],
      "prices": [
        {
          "store_name": "Albert",
          "price": 49.9,
          "original_price": null,
          "unit_price": 199.6,
          "unit": "Kg",
          "package_size": "250 g",
          "condition": null
        }
      ],
      "description": null
    },
    {
      "name": "Babycute Dětské pleny Midi velikost 3",
      "brand": "Babycute",
      "product_url": "https://wolt.com/cs/cze/prague/venue/albert-vinohradska/babycute-detske-pleny-midi-velikost-3-itemid-64ca0b7cba162577de489243",
      "image_url": "https://imageproxy.wolt.com/menu/menu-images/64ffec4406cca0140dfab831/c01c30b8-8eb6-11ee-b7d4-36180384687e_25829310.jpg",
      "categories": [
        "DÍTĚ",
        "PLENY A PODLOŽKY"
      ],
      "prices": [
        {
          "store_name": "Albert",
          "price": 169.0,
          "original_price": null,
          "unit_price": 2.91,
          "unit": "ks",
          "package_size": "‪58‬ kusů",
          "condition": null
        }
      ],
      "description": null
    },
    {
      "name": "Jim Beam Honey 32,5%",
      "brand": "Jim",
      "product_url": "https://wolt.com/cs/cze/prague/venue/albert-vinohradska/jim-beam-honey-32-5-itemid-64ca0b7cba162577de48a504",
      "image_url": "https://imageproxy.wolt.com/menu/menu-images/64ffec4406cca0140dfab831/833f3f34-8ec3-11ee-be3e-2254ad732fe4_27384084.jpg",
      "categories": [
        "NÁPOJE",
        "LIHOVINY"
      ],
      "prices": [
        {
          "store_name": "Albert",
          "price": 519.0,
          "original_price": null,
          "unit_price": 741.43,
          "unit": "l",
          "package_size": "700 ml, 32,5% alc",
          "condition": "18+"
        }
      ],
      "description": null
    },
    {
      "name": "Božkov Republica Solera 38%",
      "brand": "Božkov",
      "product_url": "https://wolt.com/cs/cze/prague/venue/albert-vinohradska/bozkov-republica-solera-38-itemid-64ca0b7cba162577de48a50e",
      "image_url": "https://imageproxy.wolt.com/menu/menu-images/64ffec4406cca0140dfab831/592e4c70-8ec9-11ee-94c5-768b824ebd6b_27747285.jpg",
      "categories": [
        "NÁPOJE",
        "LIHOVINY"
      ],
      "prices": [
        {
          "store_name": "Albert",
          "price": 219.0,
          "original_price": null,
          "unit_price": 438.0,
          "unit": "l",
          "package_size": "500 ml, 38% alc",
          "condition": "18+"
        }
      ],
      "description": null
    },
    {
      "name": "Hello Ovocná přesnídávka s mangem",
      "brand": "Hello",
      "product_url": "https://wolt.com/cs/cze/prague/venue/albert-vinohradska/hello-ovocna-presnidavka-s-mangem-itemid-64ca0b7cba162577de48861b",
      "image_url": "https://imageproxy.wolt.com/menu/menu-images/63ad795db242366d1f818f36/4090f7ec-7826-11f0-8ace-4ea7ecf79006_26589121.jpg",
      "categories": [
        "DÍTĚ",
        "VÝŽIVA"
      ],
      "prices": [
        {
          "store_name": "Albert",
          "price": 7.9,
          "original_price": null,
          "unit_price": 79.0,
          "unit": "Kg",
          "package_size": "100 g",
          "condition": null
        }
      ],
      "description": null
    },
    {
      "name": "Pattex Chemoprén extrém",
      "brand": "Pattex",
      "product_url": "https://wolt.com/cs/cze/prague/venue/albert-vinohradska/pattex-chemopren-extrem-itemid-64ca0b7cba162577de489c43",
      "image_url": "https://imageproxy.wolt.com/menu/menu-images/64ffec4406cca0140dfab831/27f80394-8eb0-11ee-b9f2-361f92ce8d2c_23682252.jpg",
      "categories": [
        "DOMÁCNOST A ZAHRADA",
        "DŮM A BYT"
      ],
      "prices": [
        {
          "store_name": "Albert",
          "price": 79.9,
          "original_price": null,
          "unit_price": 1598.0,
          "unit": "l",
          "package_size": "50 ml",
          "condition": null
        }
      ],
      "description": null
    },
    {
      "name": "Milko Můj skyr vanilka",
      "brand": "Milko",
      "product_url": "https://wolt.com/cs/cze/prague/venue/albert-vinohradska/milko-muj-skyr-vanilka-itemid-64ca0b7cba162577de489144",
      "image_url": "https://imageproxy.wolt.com/menu/menu-images/64ffec4406cca0140dfab831/ee5a4dde-8ec0-11ee-9f80-0ada12279bd6_27201787.jpg",
      "categories": [
        "MLÉČNÉ A CHLAZENÉ",
        "JOGURTY A DEZERTY"
      ],
      "prices": [
        {
          "store_name": "Albert",
          "price": 21.9,
          "original_price": null,
          "unit_price": 168.46,
          "unit": "Kg",
          "package_size": "130 g",
          "condition": null
        }
      ],
      "description": null
    },
    {
      "name": "Dr. Oetker Gelfix Extra 2:1",
      "brand": "Dr. Oetker",
      "product_url": "https://wolt.com/cs/cze/prague/venue/albert-vinohradska/dr-oetker-gelfix-extra-2-1-itemid-657233256818b938df947dec",
      "image_url": "https://imageproxy.wolt.com/menu/menu-images/64ffec4406cca0140dfab831/bc083c06-8eac-11ee-8219-2e6db99b5925_20322328.jpg",
      "categories": [
        "TRVANLIVÉ",
        "PEČENÍ A VAŘENÍ"
      ],
      "prices": [
        {
          "store_name": "Albert",
          "price": 29.9,
          "original_price": null,
          "unit_price": 1196.0,
          "unit": "Kg",
          "package_size": "25 g",
          "condition": null
        }
      ],
      "description": null
    },
    {
      "name": "World’s Market Ravioli houbové",
      "brand": "World’s Market",
      "product_url": "https://wolt.com/cs/cze/prague/venue/albert-vinohradska/world-s-market-ravioli-houbove-itemid-6601fb1daf25c2c5f59b7858",
      "image_url": "https://imageproxy.wolt.com/menu/menu-images/6601c613e48d1c8d95333085/36ee5dd0-eae5-11ee-8883-86ed91a9399a_27815267.jpg",
      "categories": [
        "TRVANLIVÉ",
        "TĚSTOVINY A KUSKUS"
      ],
      "prices": [
        {
          "store_name": "Albert",
          "price": 39.9,
          "original_price": null,
          "unit_price": 159.6,
          "unit": "Kg",
          "package_size": "250 g",
          "condition": null
        }
      ],
      "description": null
    },
    {
      "name": "Werther´s Original Smetanové bonbóny",
      "brand": "Werther's",
      "product_url": "https://wolt.com/cs/cze/prague/venue/albert-vinohradska/werthers-original-smetanove-bonbony-itemid-6601f362c724f5b0152c626c",
      "image_url": "https://imageproxy.wolt.com/menu/menu-images/6601c613e48d1c8d95333085/6ac32eb8-eae2-11ee-886f-0a57c3b26f42_23994119.jpg",
      "categories": [
        "TRVANLIVÉ",
        "SLADKOSTI"
      ],
      "prices": [
        {
          "store_name": "Albert",
          "price": 32.9,
          "original_price": null,
          "unit_price": 365.56,
          "unit": "Kg",
          "package_size": "90 g",
          "condition": null
        }
      ],
      "description": null
    },
    {
      "name": "Président Rondelé bleu",
      "brand": "Président",
      "product_url": "https://wolt.com/cs/cze/prague/venue/albert-vinohradska/president-rondele-bleu-itemid-64ca0b7cba162577de489b8c",
      "image_url": "https://imageproxy.wolt.com/menu/menu-images/64ffec4406cca0140dfab831/9a2e86ca-8eb7-11ee-96e6-7a99d2fb2f9f_25966497.jpg",
      "categories": [
        "MLÉČNÉ A CHLAZENÉ",
        "SÝRY"
      ],
      "prices": [
        {
          "store_name": "Albert",
          "price": 52.9,
          "original_price": null,
          "unit_price": 529.0,
          "unit": "Kg",
          "package_size": "100 g",
          "condition": null
        }
      ],
      "description": null
    },
    {
      "name": "Johnnie Walker Red 40%",
      "brand": "Johnnie Walker",
      "product_url": "https://wolt.com/cs/cze/prague/venue/albert-vinohradska/johnnie-walker-red-40-itemid-64ca0b7cba162577de489d20",
      "image_url": "https://imageproxy.wolt.com/menu/menu-images/63ad795db242366d1f818f36/b5eab2da-ed43-11ef-9384-9e4250c13a7a_21405006.jpg",
      "categories": [
        "NÁPOJE",
        "LIHOVINY"
      ],
      "prices": [
        {
          "store_name": "Albert",
          "price": 499.0,
          "original_price": null,
          "unit_price": 712.86,
          "unit": "l",
          "package_size": "700 ml, 40% alc",
          "condition": "18+"
        }
      ],
      "description": null
    },
    {
      "name": "Monster Energy sycený energetický nápoj",
      "brand": "Monster",
      "product_url": "https://wolt.com/cs/cze/prague/venue/albert-vinohradska/monster-energy-syceny-energeticky-napoj-itemid-64ca0b7cba162577de4889e9",
      "image_url": "https://imageproxy.wolt.com/menu/menu-images/64ffec4406cca0140dfab831/d7431ea8-8eb3-11ee-ac17-aa70cbf91f77_25156225.jpg",
      "categories": [
        "NÁPOJE",
        "ENERGY NÁPOJE"
      ],
      "prices": [
        {
          "store_name": "Albert",
          "price": 29.9,
          "original_price": null,
          "unit_price": 59.8,
          "unit": "l",
          "package_size": "500 ml",
          "condition": null
        }
      ],
      "description": null
    },
    {
      "name": "Lučina Nadýchaná s šalotkou",
      "brand": "Lučina",
      "product_url": "https://wolt.com/cs/cze/prague/venue/albert-vinohradska/lucina-nadychana-s-salotkou-itemid-64ca0b7cba162577de4892b8",
      "image_url": "https://imageproxy.wolt.com/menu/menu-images/63ad795db242366d1f818f36/cfb4863c-0608-11ef-9c3e-f6cc7027ec55_26630045.jpg",
      "categories": [
        "MLÉČNÉ A CHLAZENÉ",
        "SÝRY"
      ],
      "prices": [
        {
          "store_name": "Albert",
          "price": 54.9,
          "original_price": null,
          "unit_price": 392.14,
          "unit": "Kg",
          "package_size": "140 g",
          "condition": null
        }
      ],
      "description": null
    },
    {
      "name": "Tatranky máčené oplatky s lískooříškovou náplní",
      "brand": "Tatra",
      "product_url": "https://wolt.com/cs/cze/prague/venue/albert-vinohradska/tatranky-macene-oplatky-s-liskooriskovou-naplni-itemid-64ca0b7cba162577de48880f",
      "image_url": "https://imageproxy.wolt.com/menu/menu-images/64ffec4406cca0140dfab831/26ed99d0-8eb2-11ee-ab7b-662d260bbeaa_24668347.jpg",
      "categories": [
        "TRVANLIVÉ",
        "SLADKOSTI"
      ],
      "prices": [
        {
          "store_name": "Albert",
          "price": 11.9,
          "original_price": null,
          "unit_price": 360.61,
          "unit": "Kg",
          "package_size": "33 g",
          "condition": null
        }
      ],
      "description": null
    },
    {
      "name": "Nature's Promise Bio Vřetena žitná celozrnná",
      "brand": "Nature's Promise",
      "product_url": "https://wolt.com/cs/cze/prague/venue/albert-vinohradska/nature-s-promise-bio-vretena-zitna-celozrnna-itemid-64ca0b7cba162577de4890a1",
      "image_url": "https://imageproxy.wolt.com/menu/menu-images/64ffec4406cca0140dfab831/77a58022-8ebc-11ee-95db-2ef6707f48ec_26845791.jpg",
      "categories": [
        "TRVANLIVÉ",
        "TĚSTOVINY A KUSKUS"
      ],
      "prices": [
        {
          "store_name": "Albert",
          "price": 27.9,
          "original_price": null,
          "unit_price": 69.75,
          "unit": "Kg",
          "package_size": "400 g",
          "condition": null
        }
      ],
      "description": null
    },
    {
      "name": "Lindt Excellence Čokoláda hořká mandle a pomeranč",
      "brand": "Lindt",
      "product_url": "https://wolt.com/cs/cze/prague/venue/albert-vinohradska/lindt-excellence-cokolada-horka-mandle-a-pomeranc-itemid-64ca0b7cba162577de4889eb",
      "image_url": "https://imageproxy.wolt.com/menu/menu-images/64ffec4406cca0140dfab831/1839fda4-8eb0-11ee-9e16-325d7328b531_23643710.jpg",
      "categories": [
        "TRVANLIVÉ",
        "SLADKOSTI"
      ],
      "prices": [
        {
          "store_name": "Albert",
          "price": 69.9,
          "original_price": null,
          "unit_price": 699.0,
          "unit": "Kg",
          "package_size": "100 g",
          "condition": null
        }
      ],
      "description": null
    },
    {
      "name": "Albert Kuchyňské utěrky s potiskem Deluxe",
      "brand": "Albert",
      "product_url": "https://wolt.com/cs/cze/prague/venue/albert-vinohradska/albert-kuchynske-uterky-s-potiskem-deluxe-itemid-64ca0b7cba162577de488d15",
      "image_url": "https://imageproxy.wolt.com/menu/menu-images/64ffec4406cca0140dfab831/5cb77182-8eba-11ee-abba-76d8d681f910_26619576.jpg",
      "categories": [
        "DROGERIE A KOSMETIKA",
        "PAPÍROVÁ HYGIENA"
      ],
      "prices": [
        {
          "store_name": "Albert",
          "price": null,
          "original_price": null,
          "unit_price": 1.13,
          "unit": "ks",
          "package_size": "‪22‬ kusů",
          "condition": "Sleva"
        }
      ],
      "description": null
    },
    {
      "name": "Nature's Promise Máslo bez laktózy 82%",
      "brand": "Nature's Promise",
      "product_url": "https://wolt.com/cs/cze/prague/venue/albert-vinohradska/nature-s-promise-maslo-bez-laktozy-82-itemid-64ca0b7cba162577de488d3b",
      "image_url": "https://imageproxy.wolt.com/menu/menu-images/64ffec4406cca0140dfab831/2d4c4d2e-8eb9-11ee-8365-325d7328b531_26374963.jpg",
      "categories": [
        "MLÉČNÉ A CHLAZENÉ",
        "MÁSLO A TUKY"
      ],
      "prices": [
        {
          "store_name": "Albert",
          "price": null,
          "original_price": null,
          "unit_price": 279.2,
          "unit": "Kg",
          "package_size": "125 g",
          "condition": "Sleva"
        }
      ],
      "description": null
    },
    {
      "name": "Olma Zlatá Haná směsný rostlinný tuk 74%",
      "brand": "Olma",
      "product_url": "https://wolt.com/cs/cze/prague/venue/albert-vinohradska/olma-zlata-hana-smesny-rostlinny-tuk-74-itemid-64ca0b7cba162577de48805d",
      "image_url": "https://imageproxy.wolt.com/menu/menu-images/64ffec4406cca0140dfab831/2e4c42cc-8eac-11ee-b64f-3e3f8d1903a2_20297572.jpg",
      "categories": [
        "MLÉČNÉ A CHLAZENÉ",
        "MÁSLO A TUKY"
      ],
      "prices": [
        {
          "store_name": "Albert",
          "price": 40.9,
          "original_price": null,
          "unit_price": 163.6,
          "unit": "Kg",
          "package_size": "250 g",
          "condition": null
        }
      ],
      "description": null
    },
    {
      "name": "Loyd Ovocný čaj maliny a jahody",
      "brand": "Loyd",
      "product_url": "https://wolt.com/cs/cze/prague/venue/albert-vinohradska/loyd-ovocny-caj-maliny-a-jahody-itemid-64ca0b7cba162577de488ad1",
      "image_url": "https://imageproxy.wolt.com/menu/menu-images/64ffec4406cca0140dfab831/443e789a-8eb4-11ee-aaee-22a8008f3216_25274912.jpg",
      "categories": [
        "NÁPOJE",
        "KÁVA A ČAJ"
      ],
      "prices": [
        {
          "store_name": "Albert",
          "price": 44.9,
          "original_price": null,
          "unit_price": 1122.5,
          "unit": "Kg",
          "package_size": "40 g",
          "condition": null
        }
      ],
      "description": null
    },
    {
      "name": "World’s Market Ravioli 5 druhů sýra",
      "brand": "World’s Market",
      "product_url": "https://wolt.com/cs/cze/prague/venue/albert-vinohradska/world-s-market-ravioli-5-druhu-syra-itemid-6601fd5002c143b53ecd1225",
      "image_url": "https://imageproxy.wolt.com/menu/menu-images/6601c613e48d1c8d95333085/37015610-eae5-11ee-b48e-86ed91a9399a_27815274.jpg",
      "categories": [
        "TRVANLIVÉ",
        "TĚSTOVINY A KUSKUS"
      ],
      "prices": [
        {
          "store_name": "Albert",
          "price": 39.9,
          "original_price": null,
          "unit_price": 159.6,
          "unit": "Kg",
          "package_size": "250 g",
          "condition": null
        }
      ],
      "description": null
    },
    {
      "name": "Pampers Sensitive dětské čisticí ubrousky",
      "brand": "Pampers",
      "product_url": "https://wolt.com/cs/cze/prague/venue/albert-vinohradska/pampers-sensitive-detske-cistici-ubrousky-itemid-64ca0b7cba162577de489a6c",
      "image_url": "https://imageproxy.wolt.com/menu/menu-images/63ad795db242366d1f818f36/22d721b2-ed44-11ef-be10-62083711fd70_27194249.jpg",
      "categories": [
        "DÍTĚ",
        "VLHČENÉ UBROUSKY"
      ],
      "prices": [
        {
          "store_name": "Albert",
          "price": 149.9,
          "original_price": null,
          "unit_price": 0.72,
          "unit": "ks",
          "package_size": "‪208‬ kusů",
          "condition": null
        }
      ],
      "description": null
    },
    {
      "name": "Racio Bio špaldové chlebíčky",
      "brand": "Racio",
      "product_url": "https://wolt.com/cs/cze/prague/venue/albert-vinohradska/racio-bio-spaldove-chlebicky-itemid-64ca0b7cba162577de48991e",
      "image_url": "https://imageproxy.wolt.com/menu/menu-images/63ad795db242366d1f818f36/b92dd0c8-f8ef-11ef-a814-f2dd4c9cc77b_23830363.jpg",
      "categories": [
        "PEKÁRNA A CUKRÁRNA",
        "RACIO A KNÄCKEBROT"
      ],
      "prices": [
        {
          "store_name": "Albert",
          "price": null,
          "original_price": null,
          "unit_price": 142.14,
          "unit": "Kg",
          "package_size": "140 g",
          "condition": "Sleva"
        }
      ],
      "description": null
    },
    {
      "name": "Albert Špekáčky",
      "brand": "Albert",
      "product_url": "https://wolt.com/cs/cze/prague/venue/albert-vinohradska/albert-spekacky-itemid-64ca0b7cba162577de4893a8",
      "image_url": "https://imageproxy.wolt.com/menu/menu-images/63ad795db242366d1f818f36/20e23270-2b47-11f0-9b35-ba885ec5a83e_26957340.jpg",
      "categories": [
        "UZENINY A LAHŮDKY",
        "PÁRKY A KLOBÁSY"
      ],
      "prices": [
        {
          "store_name": "Albert",
          "price": null,
          "original_price": null,
          "unit_price": 173.8,
          "unit": "Kg",
          "package_size": "500 g",
          "condition": "Sleva"
        }
      ],
      "description": null
    },
    {
      "name": "Persil Prací prášek Color",
      "brand": "Persil",
      "product_url": "https://wolt.com/cs/cze/prague/venue/albert-vinohradska/persil-praci-prasek-color-itemid-660212965f111f66d5d78963",
      "image_url": "https://imageproxy.wolt.com/menu/menu-images/6601c613e48d1c8d95333085/8f91f848-eae5-11ee-a32f-4a7a54ed4665_27848630.jpg",
      "categories": [
        "DROGERIE A KOSMETIKA",
        "PRACÍ PROSTŘEDKY"
      ],
      "prices": [
        {
          "store_name": "Albert",
          "price": 379.0,
          "original_price": null,
          "unit_price": 6.32,
          "unit": "ks",
          "package_size": "‪60‬ kusů",
          "condition": null
        }
      ],
      "description": null
    },
    {
      "name": "Cassonade Třtinový cukr moučka",
      "brand": "Cassonade",
      "product_url": "https://wolt.com/cs/cze/prague/venue/albert-vinohradska/cassonade-trtinovy-cukr-moucka-itemid-64ca0b7cba162577de48a625",
      "image_url": "https://imageproxy.wolt.com/menu/menu-images/64ffec4406cca0140dfab831/37691554-8ec2-11ee-96af-ce752cd7e428_27287248.jpg",
      "categories": [
        "TRVANLIVÉ",
        "PEČENÍ A VAŘENÍ"
      ],
      "prices": [
        {
          "store_name": "Albert",
          "price": 42.9,
          "original_price": null,
          "unit_price": 214.5,
          "unit": "Kg",
          "package_size": "200 g",
          "condition": null
        }
      ],
      "description": null
    },
    {
      "name": "Natur Farm Sirup malinový",
      "brand": "Natur",
      "product_url": "https://wolt.com/cs/cze/prague/venue/albert-vinohradska/natur-farm-sirup-malinovy-itemid-64ca0b7cba162577de48980f",
      "image_url": "https://imageproxy.wolt.com/menu/menu-images/64ffec4406cca0140dfab831/7a618db0-8eb7-11ee-a837-b6077702759d_25938180.jpg",
      "categories": [
        "NÁPOJE",
        "SIRUPY A KONCENTRÁTY"
      ],
      "prices": [
        {
          "store_name": "Albert",
          "price": 89.9,
          "original_price": null,
          "unit_price": 128.43,
          "unit": "l",
          "package_size": "700 ml",
          "condition": null
        }
      ],
      "description": null
    },
    {
      "name": "Vitana Křidélka s příchutí medu",
      "brand": "Vitana",
      "product_url": "https://wolt.com/cs/cze/prague/venue/albert-vinohradska/vitana-kridelka-s-prichuti-medu-itemid-657233256818b938df947b3e",
      "image_url": "https://imageproxy.wolt.com/menu/menu-images/64ffec4406cca0140dfab831/c4955d8c-8eba-11ee-9494-662d260bbeaa_26684857.jpg",
      "categories": [
        "TRVANLIVÉ",
        "KOŘENÍ A OCHUCOVADLA"
      ],
      "prices": [
        {
          "store_name": "Albert",
          "price": 15.9,
          "original_price": null,
          "unit_price": 567.86,
          "unit": "Kg",
          "package_size": "28 g",
          "condition": null
        }
      ],
      "description": null
    },
    {
      "name": "Sommelier Collection Chardonnay",
      "brand": "Sommelier",
      "product_url": "https://wolt.com/cs/cze/prague/venue/albert-vinohradska/sommelier-collection-chardonnay-itemid-657233256818b938df94825d",
      "image_url": "https://imageproxy.wolt.com/menu/menu-images/64ffec4406cca0140dfab831/74e6da5c-8ec6-11ee-82a9-6e71a63f1558_27610763.jpg",
      "categories": [
        "NÁPOJE",
        "VÍNA"
      ],
      "prices": [
        {
          "store_name": "Albert",
          "price": 199.0,
          "original_price": null,
          "unit_price": 265.33,
          "unit": "l",
          "package_size": "750 ml, 13,5% alc",
          "condition": "18+"
        }
      ],
      "description": null
    },
    {
      "name": "Opavia Zlaté Club sušenky s máslovou příchutí",
      "brand": "Opavia",
      "product_url": "https://wolt.com/cs/cze/prague/venue/albert-vinohradska/opavia-zlate-club-susenky-s-maslovou-prichuti-itemid-64ca0b7cba162577de4888a1",
      "image_url": "https://imageproxy.wolt.com/menu/menu-images/64ffec4406cca0140dfab831/a4a1b222-8eac-11ee-81ba-96106fe39af5_20316853.jpg",
      "categories": [
        "TRVANLIVÉ",
        "SLADKOSTI"
      ],
      "prices": [
        {
          "store_name": "Albert",
          "price": 35.9,
          "original_price": null,
          "unit_price": 256.43,
          "unit": "Kg",
          "package_size": "140 g",
          "condition": null
        }
      ],
      "description": null
    },
    {
      "name": "Emco Mysli na zdraví Čokoláda sypané",
      "brand": "Emco",
      "product_url": "https://wolt.com/cs/cze/prague/venue/albert-vinohradska/emco-mysli-na-zdravi-cokolada-sypane-itemid-64ca0b7cba162577de488b8f",
      "image_url": "https://imageproxy.wolt.com/menu/menu-images/64ffec4406cca0140dfab831/eb50f9c8-8eb4-11ee-ad06-0208801a60c2_25450484.jpg",
      "categories": [
        "TRVANLIVÉ",
        "MÜSLI A CEREÁLIE"
      ],
      "prices": [
        {
          "store_name": "Albert",
          "price": 125.9,
          "original_price": null,
          "unit_price": 167.87,
          "unit": "Kg",
          "package_size": "750 g",
          "condition": null
        }
      ],
      "description": null
    },
    {
      "name": "Strouhaný sýr 45 %",
      "brand": "Strouhaný",
      "product_url": "https://wolt.com/cs/cze/prague/venue/albert-vinohradska/strouhany-syr-45-itemid-64ca0b7cba162577de489b2c",
      "image_url": "https://imageproxy.wolt.com/menu/menu-images/64ffec4406cca0140dfab831/c999b948-8eb7-11ee-b7e8-3ed0b25e551d_26058733.jpg",
      "categories": [
        "MLÉČNÉ A CHLAZENÉ",
        "SÝRY"
      ],
      "prices": [
        {
          "store_name": "Albert",
          "price": 59.9,
          "original_price": null,
          "unit_price": 299.5,
          "unit": "Kg",
          "package_size": "200 g",
          "condition": null
        }
      ],
      "description": null
    },
    {
      "name": "Nature's Promise Lupínky pohankové bez lepku",
      "brand": "Nature's Promise",
      "product_url": "https://wolt.com/cs/cze/prague/venue/albert-vinohradska/nature-s-promise-lupinky-pohankove-bez-lepku-itemid-64ca0b7cba162577de48a03a",
      "image_url": "https://imageproxy.wolt.com/menu/menu-images/63ad795db242366d1f818f36/f6b8dc42-0608-11ef-b4d9-4644db3ec22e_26896908.jpg",
      "categories": [
        "TRVANLIVÉ",
        "MÜSLI A CEREÁLIE"
      ],
      "prices": [
        {
          "store_name": "Albert",
          "price": null,
          "original_price": null,
          "unit_price": 189.5,
          "unit": "Kg",
          "package_size": "200 g",
          "condition": "Sleva"
        }
      ],
      "description": null
    },
    {
      "name": "Finish Powerball Ultimate Plus Kapsle do myčky",
      "brand": "Finish",
      "product_url": "https://wolt.com/cs/cze/prague/venue/albert-vinohradska/finish-powerball-ultimate-plus-kapsle-do-mycky-itemid-657233256818b938df948be0",
      "image_url": "https://imageproxy.wolt.com/menu/menu-images/64ffec4406cca0140dfab831/cf0bcdf0-8ec9-11ee-b8c9-3a31305f5e7c_27757833.jpg",
      "categories": [
        "DROGERIE A KOSMETIKA",
        "ČISTÍCÍ PROSTŘEDKY"
      ],
      "prices": [
        {
          "store_name": "Albert",
          "price": 299.0,
          "original_price": null,
          "unit_price": 6.64,
          "unit": "ks",
          "package_size": "‪45‬ kusů",
          "condition": null
        }
      ],
      "description": null
    },
    {
      "name": "Tarapacá Red Blend Syrah",
      "brand": "Tarapacá",
      "product_url": "https://wolt.com/cs/cze/prague/venue/albert-vinohradska/tarapaca-red-blend-syrah-itemid-64ca0b7cba162577de488c9b",
      "image_url": "https://imageproxy.wolt.com/menu/menu-images/64ffec4406cca0140dfab831/95427f04-8ec6-11ee-b6cc-0aca939bb6cd_27615522.jpg",
      "categories": [
        "NÁPOJE",
        "VÍNA"
      ],
      "prices": [
        {
          "store_name": "Albert",
          "price": 209.0,
          "original_price": null,
          "unit_price": 278.67,
          "unit": "l",
          "package_size": "750 ml, 13,5% alc",
          "condition": "18+"
        }
      ],
      "description": null
    },
    {
      "name": "Asconi Muscat",
      "brand": "Asconi",
      "product_url": "https://wolt.com/cs/cze/prague/venue/albert-vinohradska/asconi-muscat-itemid-64ca0b7cba162577de48a2d9",
      "image_url": "https://imageproxy.wolt.com/menu/menu-images/64ffec4406cca0140dfab831/4045d294-8eb7-11ee-a29c-fe2992cf6bd0_25922707.jpg",
      "categories": [
        "NÁPOJE",
        "VÍNA"
      ],
      "prices": [
        {
          "store_name": "Albert",
          "price": 115.9,
          "original_price": null,
          "unit_price": 154.53,
          "unit": "l",
          "package_size": "750 ml, 11% alc",
          "condition": "18+"
        }
      ],
      "description": null
    },
    {
      "name": "World’s Market Spaghetti",
      "brand": "World’s Market",
      "product_url": "https://wolt.com/cs/cze/prague/venue/albert-vinohradska/world-s-market-spaghetti-itemid-6601f2d9a759a53730471509",
      "image_url": "https://imageproxy.wolt.com/menu/menu-images/6601c613e48d1c8d95333085/349cdee4-eae5-11ee-98bf-a2d2daf8a7c4_27815250.jpg",
      "categories": [
        "TRVANLIVÉ",
        "TĚSTOVINY A KUSKUS"
      ],
      "prices": [
        {
          "store_name": "Albert",
          "price": 28.9,
          "original_price": null,
          "unit_price": 115.6,
          "unit": "Kg",
          "package_size": "250 g",
          "condition": null
        }
      ],
      "description": null
    },
    {
      "name": "World’s Market Tagliatelle all'uovo",
      "brand": "World’s Market",
      "product_url": "https://wolt.com/cs/cze/prague/venue/albert-vinohradska/world-s-market-tagliatelle-all-uovo-itemid-6601ebe0e5683726637fd16e",
      "image_url": "https://imageproxy.wolt.com/menu/menu-images/6601c613e48d1c8d95333085/34855f58-eae5-11ee-881f-b20fca39c28b_27815229.jpg",
      "categories": [
        "TRVANLIVÉ",
        "TĚSTOVINY A KUSKUS"
      ],
      "prices": [
        {
          "store_name": "Albert",
          "price": 54.9,
          "original_price": null,
          "unit_price": 109.8,
          "unit": "Kg",
          "package_size": "500 g",
          "condition": null
        }
      ],
      "description": null
    },
    {
      "name": "Varmuža Šunkový závitek s křenem",
      "brand": "Varmuža",
      "product_url": "https://wolt.com/cs/cze/prague/venue/albert-vinohradska/varmuza-sunkovy-zavitek-s-krenem-itemid-64ca0b7cba162577de488859",
      "image_url": "https://imageproxy.wolt.com/menu/menu-images/64ffec4406cca0140dfab831/91ea906c-8eb7-11ee-8275-f676b94e1855_25962710.jpg",
      "categories": [
        "UZENINY A LAHŮDKY",
        "LAHŮDKY"
      ],
      "prices": [
        {
          "store_name": "Albert",
          "price": 34.9,
          "original_price": null,
          "unit_price": 174.5,
          "unit": "Kg",
          "package_size": "200 g",
          "condition": null
        }
      ],
      "description": null
    },
    {
      "name": "Habánské sklepy Chardonnay",
      "brand": "Habánské sklepy",
      "product_url": "https://wolt.com/cs/cze/prague/venue/albert-vinohradska/habanske-sklepy-chardonnay-itemid-64ca0b7cba162577de48895f",
      "image_url": "https://imageproxy.wolt.com/menu/menu-images/64ffec4406cca0140dfab831/cbb6b278-8eb0-11ee-be08-2e13ed999a8b_24011723.jpg",
      "categories": [
        "NÁPOJE",
        "VÍNA"
      ],
      "prices": [
        {
          "store_name": "Albert",
          "price": 119.9,
          "original_price": null,
          "unit_price": 159.87,
          "unit": "l",
          "package_size": "750 ml, 12,5% alc",
          "condition": "18+"
        }
      ],
      "description": null
    },
    {
      "name": "Kuřecí křídla chlazená",
      "brand": null,
      "product_url": "https://wolt.com/cs/cze/prague/venue/albert-vinohradska/kureci-kridla-chlazena-itemid-64ca0b7cba162577de488359",
      "image_url": "https://imageproxy.wolt.com/menu/menu-images/64ffec4406cca0140dfab831/3e4f8c7e-8eb1-11ee-804a-2e13ed999a8b_24252126.jpg",
      "categories": [
        "MASO A RYBY",
        "DRŮBEŽ"
      ],
      "prices": [
        {
          "store_name": "Albert",
          "price": 98.91,
          "original_price": null,
          "unit_price": null,
          "unit": null,
          "package_size": null,
          "condition": null
        }
      ],
      "description": null
    },
    {
      "name": "Nature's Promise Bio Krůtí prsní řízky",
      "brand": "Nature's Promise",
      "product_url": "https://wolt.com/cs/cze/prague/venue/albert-vinohradska/nature-s-promise-bio-kruti-prsni-rizky-itemid-64ca0b7cba162577de488dad",
      "image_url": "https://imageproxy.wolt.com/menu/menu-images/64ffec4406cca0140dfab831/e60d213e-8ec4-11ee-a618-62169a0e6c38_27501092.jpg",
      "categories": [
        "MASO A RYBY",
        "DRŮBEŽ"
      ],
      "prices": [
        {
          "store_name": "Albert",
          "price": null,
          "original_price": null,
          "unit_price": 563.33,
          "unit": "Kg",
          "package_size": "300 g",
          "condition": "Sleva"
        }
      ],
      "description": null
    },
    {
      "name": "Hamé Pomazánka tuňák",
      "brand": "Hamé",
      "product_url": "https://wolt.com/cs/cze/prague/venue/albert-vinohradska/hame-pomazanka-tunak-itemid-657233256818b938df948445",
      "image_url": "https://imageproxy.wolt.com/menu/menu-images/64ffec4406cca0140dfab831/23e543ac-8eba-11ee-a87a-8e381a14ed80_26573434.jpg",
      "categories": [
        "UZENINY A LAHŮDKY",
        "SALÁTY A POMAZÁNKY"
      ],
      "prices": [
        {
          "store_name": "Albert",
          "price": 43.9,
          "original_price": null,
          "unit_price": 439.0,
          "unit": "Kg",
          "package_size": "100 g",
          "condition": null
        }
      ],
      "description": null
    },
    {
      "name": "Odkolek Chléb podmáslový, krájený",
      "brand": "Odkolek",
      "product_url": "https://wolt.com/cs/cze/prague/venue/albert-vinohradska/odkolek-chleb-podmaslovy-krajeny-itemid-64ca0b7cba162577de489395",
      "image_url": "https://imageproxy.wolt.com/menu/menu-images/64ffec4406cca0140dfab831/1de22fe2-8ec4-11ee-a429-6e0f65c8f049_27448465.jpg",
      "categories": [
        "PEKÁRNA A CUKRÁRNA",
        "CHLÉB BALENÝ"
      ],
      "prices": [
        {
          "store_name": "Albert",
          "price": 39.9,
          "original_price": null,
          "unit_price": 79.8,
          "unit": "Kg",
          "package_size": "500 g",
          "condition": "Vyprodáno"
        }
      ],
      "description": null
    },
    {
      "name": "Znojmia Okurky 7-9 cm",
      "brand": "Znojmia",
      "product_url": "https://wolt.com/cs/cze/prague/venue/albert-vinohradska/znojmia-okurky-7-9-cm-itemid-64ca0b7cba162577de48985f",
      "image_url": "https://imageproxy.wolt.com/menu/menu-images/64ffec4406cca0140dfab831/9f104ecc-8eb1-11ee-8a76-1e9e4c6f0bda_24441476.jpg",
      "categories": [
        "TRVANLIVÉ",
        "KONZERVOVANÉ POTR."
      ],
      "prices": [
        {
          "store_name": "Albert",
          "price": 49.9,
          "original_price": null,
          "unit_price": 146.76,
          "unit": "Kg",
          "package_size": "340 g",
          "condition": null
        }
      ],
      "description": null
    },
    {
      "name": "Nowaco Obalovaný sýr",
      "brand": "Nowaco",
      "product_url": "https://wolt.com/cs/cze/prague/venue/albert-vinohradska/nowaco-obalovany-syr-itemid-6876153a0c6218e9f3e5f429",
      "image_url": "https://imageproxy.wolt.com/menu/menu-images/64b62ec5e5ab70cdc92e30f0/f43cbf84-616e-11f0-b92a-32df7d33abff_25932553.jpg",
      "categories": [
        "MRAŽENÉ POTRAVINY",
        "MRAŽENÁ PIZZA A HOTOVÁ JÍDLA"
      ],
      "prices": [
        {
          "store_name": "Albert",
          "price": 79.9,
          "original_price": null,
          "unit_price": 399.5,
          "unit": "Kg",
          "package_size": "200 g",
          "condition": null
        }
      ],
      "description": null
    },
    {
      "name": "Elmex Sensitive Bělící zubní pasta",
      "brand": "Elmex",
      "product_url": "https://wolt.com/cs/cze/prague/venue/albert-vinohradska/elmex-sensitive-belici-zubni-pasta-itemid-64ca0b7cba162577de488dc9",
      "image_url": "https://imageproxy.wolt.com/menu/menu-images/63ad795db242366d1f818f36/2aa923c8-7826-11f0-87db-929a9dfa1a5a_25849639.jpg",
      "categories": [
        "DROGERIE A KOSMETIKA",
        "ÚSTNÍ HYGIENA"
      ],
      "prices": [
        {
          "store_name": "Albert",
          "price": 99.9,
          "original_price": null,
          "unit_price": 1332.0,
          "unit": "l",
          "package_size": "75 ml",
          "condition": null
        }
      ],
      "description": null
    },
    {
      "name": "Albert Tatarský biftek",
      "brand": "Albert",
      "product_url": "https://wolt.com/cs/cze/prague/venue/albert-vinohradska/albert-tatarsky-biftek-itemid-64ca0b7cba162577de4888e1",
      "image_url": "https://imageproxy.wolt.com/menu/menu-images/64ffec4406cca0140dfab831/3eeb1dda-8ebe-11ee-be9b-ea9b0480a229_27009123.jpg",
      "categories": [
        "MASO A RYBY",
        "HOVĚZÍ A TELECÍ"
      ],
      "prices": [
        {
          "store_name": "Albert",
          "price": null,
          "original_price": null,
          "unit_price": 379.6,
          "unit": "Kg",
          "package_size": "250 g",
          "condition": "Sleva"
        }
      ],
      "description": null
    },
    {
      "name": "Smetanový jogurt z Valašska borůvka",
      "brand": "Smetanový",
      "product_url": "https://wolt.com/cs/cze/prague/venue/albert-vinohradska/smetanovy-jogurt-z-valasska-boruvka-itemid-64ca0b7cba162577de489630",
      "image_url": "https://imageproxy.wolt.com/menu/menu-images/64ffec4406cca0140dfab831/161a969a-8eac-11ee-9059-3e3f8d1903a2_20294113.jpg",
      "categories": [
        "MLÉČNÉ A CHLAZENÉ",
        "JOGURTY A DEZERTY"
      ],
      "prices": [
        {
          "store_name": "Albert",
          "price": null,
          "original_price": null,
          "unit_price": 79.33,
          "unit": "Kg",
          "package_size": "150 g",
          "condition": "Sleva"
        }
      ],
      "description": null
    },
    {
      "name": "Artesie Orange",
      "brand": "Artesie",
      "product_url": "https://wolt.com/cs/cze/prague/venue/albert-vinohradska/artesie-orange-itemid-64ca0b7cba162577de488ad9",
      "image_url": "https://imageproxy.wolt.com/menu/menu-images/63ad795db242366d1f818f36/5588456a-765b-11ef-845c-fef00a069345_25797954.jpg",
      "categories": [
        "NÁPOJE",
        "LIMONÁDY"
      ],
      "prices": [
        {
          "store_name": "Albert",
          "price": 9.9,
          "original_price": null,
          "unit_price": 4.95,
          "unit": "l",
          "package_size": "2 l",
          "condition": null
        }
      ],
      "description": null
    },
    {
      "name": "YumEarth Bio ovocné želé bonbony mix",
      "brand": "YumEarth",
      "product_url": "https://wolt.com/cs/cze/prague/venue/albert-vinohradska/yumearth-bio-ovocne-zele-bonbony-mix-itemid-64ca0b7cba162577de48a6eb",
      "image_url": "https://imageproxy.wolt.com/menu/menu-images/63ad795db242366d1f818f36/76b48f72-e818-11ee-9ccb-e63576f4a113_27712245.jpg",
      "categories": [
        "TRVANLIVÉ",
        "SLADKOSTI"
      ],
      "prices": [
        {
          "store_name": "Albert",
          "price": 54.9,
          "original_price": null,
          "unit_price": 1098.0,
          "unit": "Kg",
          "package_size": "50 g",
          "condition": null
        }
      ],
      "description": null
    },
    {
      "name": "Velo Icy Berries",
      "brand": "Velo",
      "product_url": "https://wolt.com/cs/cze/prague/venue/albert-vinohradska/velo-icy-berries-itemid-657233256818b938df948440",
      "image_url": "https://imageproxy.wolt.com/menu/menu-images/64ffec4406cca0140dfab831/79667f5a-8ec2-11ee-8da9-86f1953ceff6_27300459.jpg",
      "categories": [
        "DOMÁCNOST A ZAHRADA",
        "CIGARETY"
      ],
      "prices": [
        {
          "store_name": "Albert",
          "price": 139.0,
          "original_price": null,
          "unit_price": 139.0,
          "unit": "ks",
          "package_size": "‪1‬ kus",
          "condition": "18+, Vyprodáno"
        }
      ],
      "description": null
    },
    {
      "name": "Madeta Pomazánkové tradiční křen",
      "brand": "Madeta",
      "product_url": "https://wolt.com/cs/cze/prague/venue/albert-vinohradska/madeta-pomazankove-tradicni-kren-itemid-657233256818b938df947a80",
      "image_url": "https://imageproxy.wolt.com/menu/menu-images/63ad795db242366d1f818f36/01a5a46a-7826-11f0-9d66-46217a078f05_24117869.jpg",
      "categories": [
        "MLÉČNÉ A CHLAZENÉ",
        "MÁSLO A TUKY"
      ],
      "prices": [
        {
          "store_name": "Albert",
          "price": null,
          "original_price": null,
          "unit_price": 199.33,
          "unit": "Kg",
          "package_size": "150 g",
          "condition": "Sleva"
        }
      ],
      "description": null
    },
    {
      "name": "Don Papa Baroko 40%",
      "brand": "Don",
      "product_url": "https://wolt.com/cs/cze/prague/venue/albert-vinohradska/don-papa-baroko-40-itemid-657233256818b938df9485a5",
      "image_url": "https://imageproxy.wolt.com/menu/menu-images/63ad795db242366d1f818f36/a8f40c2c-66af-11ef-9d52-7adc3d19fbe4_26825663.jpg",
      "categories": [
        "NÁPOJE",
        "LIHOVINY"
      ],
      "prices": [
        {
          "store_name": "Albert",
          "price": 1199.0,
          "original_price": null,
          "unit_price": 1712.86,
          "unit": "l",
          "package_size": "700 ml, 40% alc",
          "condition": "18+"
        }
      ],
      "description": null
    },
    {
      "name": "Madeta Jihočeský tvaroh s jogurtem čokoláda",
      "brand": "Madeta",
      "product_url": "https://wolt.com/cs/cze/prague/venue/albert-vinohradska/madeta-jihocesky-tvaroh-s-jogurtem-cokolada-itemid-64ca0b7cba162577de4895cc",
      "image_url": "https://imageproxy.wolt.com/menu/menu-images/64ffec4406cca0140dfab831/bf0efef6-8eb3-11ee-b7c6-1e037cde04d4_25128017.jpg",
      "categories": [
        "MLÉČNÉ A CHLAZENÉ",
        "JOGURTY A DEZERTY"
      ],
      "prices": [
        {
          "store_name": "Albert",
          "price": 19.9,
          "original_price": null,
          "unit_price": 147.41,
          "unit": "Kg",
          "package_size": "135 g",
          "condition": null
        }
      ],
      "description": null
    },
    {
      "name": "Hello Ovocný sirup mango",
      "brand": "Hello",
      "product_url": "https://wolt.com/cs/cze/prague/venue/albert-vinohradska/hello-ovocny-sirup-mango-itemid-64ca0b7cba162577de489085",
      "image_url": "https://imageproxy.wolt.com/menu/menu-images/64ffec4406cca0140dfab831/345c1008-8eb5-11ee-a13a-f6f59196df47_25521498.jpg",
      "categories": [
        "NÁPOJE",
        "SIRUPY A KONCENTRÁTY"
      ],
      "prices": [
        {
          "store_name": "Albert",
          "price": null,
          "original_price": null,
          "unit_price": 57.0,
          "unit": "l",
          "package_size": "700 ml",
          "condition": "Sleva"
        }
      ],
      "description": null
    },
    {
      "name": "HiPP Mrkev s bramborami a lososem",
      "brand": "HiPP",
      "product_url": "https://wolt.com/cs/cze/prague/venue/albert-vinohradska/hipp-mrkev-s-bramborami-a-lososem-itemid-64ca0b7cba162577de48a12c",
      "image_url": "https://imageproxy.wolt.com/menu/menu-images/64ffec4406cca0140dfab831/1564f0c6-8eb9-11ee-a473-76d18bdc0849_26364889.jpg",
      "categories": [
        "DÍTĚ",
        "VÝŽIVA"
      ],
      "prices": [
        {
          "store_name": "Albert",
          "price": 41.9,
          "original_price": null,
          "unit_price": 220.53,
          "unit": "Kg",
          "package_size": "190 g",
          "condition": null
        }
      ],
      "description": null
    },
    {
      "name": "Albert Roastbeef s pepřem",
      "brand": "Albert",
      "product_url": "https://wolt.com/cs/cze/prague/venue/albert-vinohradska/albert-roastbeef-s-peprem-itemid-64ca0b7cba162577de489605",
      "image_url": "https://imageproxy.wolt.com/menu/menu-images/64ffec4406cca0140dfab831/935a954e-8eb9-11ee-be8c-2a867062f6f7_26453958.jpg",
      "categories": [
        "UZENINY A LAHŮDKY",
        "ŠUNKY A SLANINY"
      ],
      "prices": [
        {
          "store_name": "Albert",
          "price": 69.9,
          "original_price": null,
          "unit_price": 699.0,
          "unit": "Kg",
          "package_size": "100 g",
          "condition": null
        }
      ],
      "description": null
    },
    {
      "name": "Bordeaux Rouge AOC",
      "brand": "Bordeaux",
      "product_url": "https://wolt.com/cs/cze/prague/venue/albert-vinohradska/bordeaux-rouge-aoc-itemid-657233256818b938df947d2e",
      "image_url": "https://imageproxy.wolt.com/menu/menu-images/64ffec4406cca0140dfab831/b74bcb64-8eb7-11ee-a066-865f2970631c_26025650.jpg",
      "categories": [
        "NÁPOJE",
        "VÍNA"
      ],
      "prices": [
        {
          "store_name": "Albert",
          "price": 111.9,
          "original_price": null,
          "unit_price": 149.2,
          "unit": "l",
          "package_size": "750 ml, 13,5% alc",
          "condition": "18+"
        }
      ],
      "description": null
    },
    {
      "name": "Perla Zelený čaj",
      "brand": "Perla",
      "product_url": "https://wolt.com/cs/cze/prague/venue/albert-vinohradska/perla-zeleny-caj-itemid-651c87883162b3ed0a39f380",
      "image_url": "https://imageproxy.wolt.com/menu/menu-images/64ffec4406cca0140dfab831/deea8418-8eca-11ee-bb96-9ed69e6fc87d_27791172.jpg",
      "categories": [
        "NÁPOJE",
        "KÁVA A ČAJ"
      ],
      "prices": [
        {
          "store_name": "Albert",
          "price": 29.9,
          "original_price": null,
          "unit_price": 854.29,
          "unit": "Kg",
          "package_size": "35 g",
          "condition": null
        }
      ],
      "description": null
    },
    {
      "name": "Vitana Natur Zeleninový bujón",
      "brand": "Vitana",
      "product_url": "https://wolt.com/cs/cze/prague/venue/albert-vinohradska/vitana-natur-zeleninovy-bujon-itemid-64ca0b7cba162577de489ce9",
      "image_url": "https://imageproxy.wolt.com/menu/menu-images/64ffec4406cca0140dfab831/6e1643de-8eb2-11ee-a7ec-fe2992cf6bd0_24745017.jpg",
      "categories": [
        "TRVANLIVÉ",
        "KOŘENÍ A OCHUCOVADLA"
      ],
      "prices": [
        {
          "store_name": "Albert",
          "price": 44.9,
          "original_price": null,
          "unit_price": 748.33,
          "unit": "Kg",
          "package_size": "60 g",
          "condition": null
        }
      ],
      "description": null
    },
    {
      "name": "Stella Originál s máslovou příchutí",
      "brand": "Stella",
      "product_url": "https://wolt.com/cs/cze/prague/venue/albert-vinohradska/stella-original-s-maslovou-prichuti-itemid-657233256818b938df9485b6",
      "image_url": "https://imageproxy.wolt.com/menu/menu-images/64ffec4406cca0140dfab831/8d27c41a-8eac-11ee-9328-6294619ebc29_20313418.jpg",
      "categories": [
        "MLÉČNÉ A CHLAZENÉ",
        "MÁSLO A TUKY"
      ],
      "prices": [
        {
          "store_name": "Albert",
          "price": 40.9,
          "original_price": null,
          "unit_price": 163.6,
          "unit": "Kg",
          "package_size": "250 g",
          "condition": null
        }
      ],
      "description": null
    },
    {
      "name": "Milka Cookie Sensations plněné sušenky",
      "brand": "Milka",
      "product_url": "https://wolt.com/cs/cze/prague/venue/albert-vinohradska/milka-cookie-sensations-plnene-susenky-itemid-6601e65e2a1c740167314838",
      "image_url": "https://imageproxy.wolt.com/menu/menu-images/6601c613e48d1c8d95333085/328dc9ee-eae3-11ee-b0b6-92c55f965fb2_26607689.jpg",
      "categories": [
        "TRVANLIVÉ",
        "SLADKOSTI"
      ],
      "prices": [
        {
          "store_name": "Albert",
          "price": 62.9,
          "original_price": null,
          "unit_price": 403.21,
          "unit": "Kg",
          "package_size": "156 g",
          "condition": null
        }
      ],
      "description": null
    },
    {
      "name": "Albert Vepřové maso ve vlastní šťávě",
      "brand": "Albert",
      "product_url": "https://wolt.com/cs/cze/prague/venue/albert-vinohradska/albert-veprove-maso-ve-vlastni-stave-itemid-64ca0b7cba162577de488723",
      "image_url": "https://imageproxy.wolt.com/menu/menu-images/64ffec4406cca0140dfab831/be2642ac-8ec1-11ee-a11b-6e71a63f1558_27258224.jpg",
      "categories": [
        "TRVANLIVÉ",
        "KONZERVOVANÉ POTR."
      ],
      "prices": [
        {
          "store_name": "Albert",
          "price": 59.9,
          "original_price": null,
          "unit_price": 199.67,
          "unit": "Kg",
          "package_size": "300 g",
          "condition": null
        }
      ],
      "description": null
    },
    {
      "name": "Château Tour Bordeaux",
      "brand": "Château",
      "product_url": "https://wolt.com/cs/cze/prague/venue/albert-vinohradska/chateau-tour-bordeaux-itemid-64ca0b7cba162577de48a670",
      "image_url": "https://imageproxy.wolt.com/menu/menu-images/64ffec4406cca0140dfab831/d07771c0-8ec0-11ee-96cd-62f0ef4f63d8_27198230.jpg",
      "categories": [
        "NÁPOJE",
        "VÍNA"
      ],
      "prices": [
        {
          "store_name": "Albert",
          "price": 254.0,
          "original_price": null,
          "unit_price": 338.67,
          "unit": "l",
          "package_size": "750 ml, 14,5% alc",
          "condition": "18+"
        }
      ],
      "description": null
    },
    {
      "name": "Albert Toaletní papír Sensitive",
      "brand": "Albert",
      "product_url": "https://wolt.com/cs/cze/prague/venue/albert-vinohradska/albert-toaletni-papir-sensitive-itemid-64ca0b7cba162577de488e59",
      "image_url": "https://imageproxy.wolt.com/menu/menu-images/64ffec4406cca0140dfab831/e33da4fe-8ebc-11ee-a988-2ef6707f48ec_26886565.jpg",
      "categories": [
        "DROGERIE A KOSMETIKA",
        "PAPÍROVÁ HYGIENA"
      ],
      "prices": [
        {
          "store_name": "Albert",
          "price": null,
          "original_price": null,
          "unit_price": 0.37,
          "unit": "ks",
          "package_size": "‪176‬ kusů",
          "condition": "Sleva"
        }
      ],
      "description": null
    },
    {
      "name": "Víno Mikulov Chardonnay",
      "brand": "Víno",
      "product_url": "https://wolt.com/cs/cze/prague/venue/albert-vinohradska/vino-mikulov-chardonnay-itemid-657233256818b938df9489f5",
      "image_url": "https://imageproxy.wolt.com/menu/menu-images/64ffec4406cca0140dfab831/2cc7052e-8ec3-11ee-88b9-6e0f65c8f049_27355817.jpg",
      "categories": [
        "NÁPOJE",
        "VÍNA"
      ],
      "prices": [
        {
          "store_name": "Albert",
          "price": 149.9,
          "original_price": null,
          "unit_price": 199.87,
          "unit": "l",
          "package_size": "750 ml, 12,5% alc",
          "condition": "18+"
        }
      ],
      "description": null
    },
    {
      "name": "Vladimír Tetur Irsai Oliver",
      "brand": "Vladimír",
      "product_url": "https://wolt.com/cs/cze/prague/venue/albert-vinohradska/vladimir-tetur-irsai-oliver-itemid-64ca0b7cba162577de48a07d",
      "image_url": "https://imageproxy.wolt.com/menu/menu-images/63ad795db242366d1f818f36/6ff3e57e-8e26-11f0-9ab1-b235b6a84d88_26830292.jpg",
      "categories": [
        "NÁPOJE",
        "VÍNA"
      ],
      "prices": [
        {
          "store_name": "Albert",
          "price": 269.0,
          "original_price": null,
          "unit_price": 358.67,
          "unit": "l",
          "package_size": "750 ml, 12% alc",
          "condition": "18+"
        }
      ],
      "description": null
    },
    {
      "name": "Franz Josef Kaiser Tuňák uzený ve slun. oleji",
      "brand": "Franz Josef Kaiser",
      "product_url": "https://wolt.com/cs/cze/prague/venue/albert-vinohradska/franz-josef-kaiser-tunak-uzeny-ve-slun-oleji-itemid-657233256818b938df947a39",
      "image_url": "https://imageproxy.wolt.com/menu/menu-images/64ffec4406cca0140dfab831/9e6ebc4a-8ebd-11ee-a185-5eb9bb96d91f_26955186.jpg",
      "categories": [
        "TRVANLIVÉ",
        "KONZERVOVANÉ POTR."
      ],
      "prices": [
        {
          "store_name": "Albert",
          "price": 44.9,
          "original_price": null,
          "unit_price": 863.46,
          "unit": "Kg",
          "package_size": "52 g",
          "condition": null
        }
      ],
      "description": null
    },
    {
      "name": "Don Peppe Jahodové knedlíky",
      "brand": "Don",
      "product_url": "https://wolt.com/cs/cze/prague/venue/albert-vinohradska/don-peppe-jahodove-knedliky-itemid-6876153a0c6218e9f3e5f46a",
      "image_url": "https://imageproxy.wolt.com/menu/menu-images/64b62ec5e5ab70cdc92e30f0/1e53f0da-616f-11f0-b63f-626ebdcdde98_27622421.jpg",
      "categories": [
        "MRAŽENÉ POTRAVINY",
        "MRAŽENÁ PIZZA A HOTOVÁ JÍDLA"
      ],
      "prices": [
        {
          "store_name": "Albert",
          "price": 69.9,
          "original_price": null,
          "unit_price": 116.5,
          "unit": "Kg",
          "package_size": "600 g",
          "condition": null
        }
      ],
      "description": null
    },
    {
      "name": "L'OR Espresso Fortissimo zrnková káva",
      "brand": "L'OR",
      "product_url": "https://wolt.com/cs/cze/prague/venue/albert-vinohradska/l-or-espresso-fortissimo-zrnkova-kava-itemid-64ca0b7cba162577de48a202",
      "image_url": "https://imageproxy.wolt.com/menu/menu-images/64ffec4406cca0140dfab831/d7bfe2aa-8eb6-11ee-b43f-c6aa6b123400_25849592.jpg",
      "categories": [
        "NÁPOJE",
        "KÁVA A ČAJ"
      ],
      "prices": [
        {
          "store_name": "Albert",
          "price": 399.0,
          "original_price": null,
          "unit_price": 798.0,
          "unit": "Kg",
          "package_size": "500 g",
          "condition": null
        }
      ],
      "description": null
    },
    {
      "name": "Violife Blok s příchuti goudy",
      "brand": "Violife",
      "product_url": "https://wolt.com/cs/cze/prague/venue/albert-vinohradska/violife-blok-s-prichuti-goudy-itemid-64ca0b7cba162577de489b35",
      "image_url": "https://imageproxy.wolt.com/menu/menu-images/64ffec4406cca0140dfab831/dbef5b0c-8ec6-11ee-88c8-6e0f65c8f049_27627785.jpg",
      "categories": [
        "MLÉČNÉ A CHLAZENÉ",
        "ROSTLINNÉ PRODUKTY"
      ],
      "prices": [
        {
          "store_name": "Albert",
          "price": 59.9,
          "original_price": null,
          "unit_price": 299.5,
          "unit": "Kg",
          "package_size": "200 g",
          "condition": null
        }
      ],
      "description": null
    },
    {
      "name": "Zlatý Bažant Svěží citron",
      "brand": "Zlatý",
      "product_url": "https://wolt.com/cs/cze/prague/venue/albert-vinohradska/zlaty-bazant-svezi-citron-itemid-657233256818b938df9485bb",
      "image_url": "https://imageproxy.wolt.com/menu/menu-images/64ffec4406cca0140dfab831/33cd73ca-8ec9-11ee-84cc-0eae60bca7bc_27741535.jpg",
      "categories": [
        "NÁPOJE",
        "PIVA"
      ],
      "prices": [
        {
          "store_name": "Albert",
          "price": 24.9,
          "original_price": null,
          "unit_price": 49.8,
          "unit": "l",
          "package_size": "500 ml",
          "condition": null
        }
      ],
      "description": null
    },
    {
      "name": "Tatratea 52%",
      "brand": "Tatra",
      "product_url": "https://wolt.com/cs/cze/prague/venue/albert-vinohradska/tatratea-52-itemid-64ca0b7cba162577de489845",
      "image_url": "https://imageproxy.wolt.com/menu/menu-images/64ffec4406cca0140dfab831/ef63febc-8eb3-11ee-a0f1-22a8008f3216_25207408.jpg",
      "categories": [
        "NÁPOJE",
        "LIHOVINY"
      ],
      "prices": [
        {
          "store_name": "Albert",
          "price": 679.0,
          "original_price": null,
          "unit_price": 970.0,
          "unit": "l",
          "package_size": "700 ml, 52% alc",
          "condition": "18+"
        }
      ],
      "description": null
    },
    {
      "name": "Opavia Brumík s náplní mléčnou",
      "brand": "Opavia",
      "product_url": "https://wolt.com/cs/cze/prague/venue/albert-vinohradska/opavia-brumik-s-naplni-mlecnou-itemid-64ca0b7cba162577de4896a3",
      "image_url": "https://imageproxy.wolt.com/menu/menu-images/63ad795db242366d1f818f36/c82d0238-f8ef-11ef-97f7-8ec249bb718e_25086959.jpg",
      "categories": [
        "TRVANLIVÉ",
        "SLADKOSTI"
      ],
      "prices": [
        {
          "store_name": "Albert",
          "price": 57.9,
          "original_price": null,
          "unit_price": 386.0,
          "unit": "Kg",
          "package_size": "150 g",
          "condition": null
        }
      ],
      "description": null
    },
    {
      "name": "Čerstvé droždí",
      "brand": "Čerstvé",
      "product_url": "https://wolt.com/cs/cze/prague/venue/albert-vinohradska/cerstve-drozdi-itemid-64ca0b7cba162577de488339",
      "image_url": "https://imageproxy.wolt.com/menu/menu-images/64ffec4406cca0140dfab831/93a7e0c0-8ebd-11ee-8c4e-fea1896da317_26954509.jpg",
      "categories": [
        "MLÉČNÉ A CHLAZENÉ",
        "VEJCE A DROŽDÍ"
      ],
      "prices": [
        {
          "store_name": "Albert",
          "price": 4.9,
          "original_price": null,
          "unit_price": 116.67,
          "unit": "Kg",
          "package_size": "42 g",
          "condition": null
        }
      ],
      "description": null
    },
    {
      "name": "Fanta Pomeranč",
      "brand": "Fanta",
      "product_url": "https://wolt.com/cs/cze/prague/venue/albert-vinohradska/fanta-pomeranc-itemid-64ca0b7cba162577de489f07",
      "image_url": "https://imageproxy.wolt.com/menu/menu-images/63ad795db242366d1f818f36/ae1a899c-f8ef-11ef-a057-2ed0cf8b09f8_20861452.jpg",
      "categories": [
        "NÁPOJE",
        "LIMONÁDY"
      ],
      "prices": [
        {
          "store_name": "Albert",
          "price": 29.9,
          "original_price": null,
          "unit_price": 59.8,
          "unit": "l",
          "package_size": "500 ml",
          "condition": null
        }
      ],
      "description": null
    },
    {
      "name": "Dreamies pochoutky s kuřecím masem",
      "brand": "Dreamies",
      "product_url": "https://wolt.com/cs/cze/prague/venue/albert-vinohradska/dreamies-pochoutky-s-kurecim-masem-itemid-6602142ed8558043bf6828ca",
      "image_url": "https://imageproxy.wolt.com/menu/menu-images/6745ec28c3b7723db3588430/5d59985e-eb01-11f0-87cd-d6e53e09f4f1_25624021.jpg",
      "categories": [
        "ZVÍŘATA",
        "KOČKY"
      ],
      "prices": [
        {
          "store_name": "Albert",
          "price": 29.9,
          "original_price": null,
          "unit_price": 498.33,
          "unit": "Kg",
          "package_size": "60 g",
          "condition": null
        }
      ],
      "description": null
    },
    {
      "name": "7Days Croissant náplň kakao a vanilka",
      "brand": "7Days",
      "product_url": "https://wolt.com/cs/cze/prague/venue/albert-vinohradska/7days-croissant-napln-kakao-a-vanilka-itemid-66022de135e64b137530a5c8",
      "image_url": "https://imageproxy.wolt.com/menu/menu-images/6601c613e48d1c8d95333085/adc29c32-eae5-11ee-9bef-667d50b09927_27859452.jpg",
      "categories": [
        "PEKÁRNA A CUKRÁRNA",
        "SLADKÉ PEČIVO BALENÉ"
      ],
      "prices": [
        {
          "store_name": "Albert",
          "price": 23.9,
          "original_price": null,
          "unit_price": 298.75,
          "unit": "Kg",
          "package_size": "80 g",
          "condition": null
        }
      ],
      "description": null
    },
    {
      "name": "Nature's Promise Bio Fazole červená",
      "brand": "Nature's Promise",
      "product_url": "https://wolt.com/cs/cze/prague/venue/albert-vinohradska/nature-s-promise-bio-fazole-cervena-itemid-64ca0b7cba162577de48a029",
      "image_url": "https://imageproxy.wolt.com/menu/menu-images/63ad795db242366d1f818f36/723d442e-8e26-11f0-99d3-6631d6848433_26848747.jpg",
      "categories": [
        "TRVANLIVÉ",
        "RÝŽE A VAŘENÍ"
      ],
      "prices": [
        {
          "store_name": "Albert",
          "price": null,
          "original_price": null,
          "unit_price": 99.8,
          "unit": "Kg",
          "package_size": "500 g",
          "condition": "Sleva"
        }
      ],
      "description": null
    },
    {
      "name": "Albert Excellent Sous Vide vepřové koleno",
      "brand": "Albert Excellent",
      "product_url": "https://wolt.com/cs/cze/prague/venue/albert-vinohradska/albert-excellent-sous-vide-veprove-koleno-itemid-64ca0b7cba162577de48893d",
      "image_url": "https://imageproxy.wolt.com/menu/menu-images/63ad795db242366d1f818f36/80a3b43a-998b-11ee-82b1-ce829ee4b2aa_26697017.jpg",
      "categories": [
        "MASO A RYBY",
        "VEPŘOVÉ"
      ],
      "prices": [
        {
          "store_name": "Albert",
          "price": 152.15,
          "original_price": null,
          "unit_price": null,
          "unit": null,
          "package_size": null,
          "condition": null
        }
      ],
      "description": null
    },
    {
      "name": "Kofola Original plech",
      "brand": "Kofola",
      "product_url": "https://wolt.com/cs/cze/prague/venue/albert-vinohradska/kofola-original-plech-itemid-657233256818b938df94886f",
      "image_url": "https://imageproxy.wolt.com/menu/menu-images/63ad795db242366d1f818f36/82cd51c8-5efa-11ef-85b8-be1d01a6e724_27813560.jpg",
      "categories": [
        "NÁPOJE",
        "LIMONÁDY"
      ],
      "prices": [
        {
          "store_name": "Albert",
          "price": null,
          "original_price": null,
          "unit_price": 42.12,
          "unit": "l",
          "package_size": "330 ml",
          "condition": "Sleva"
        }
      ],
      "description": null
    },
    {
      "name": "Nature's Promise Bio Pomazánka s pažitkou",
      "brand": "Nature's Promise",
      "product_url": "https://wolt.com/cs/cze/prague/venue/albert-vinohradska/nature-s-promise-bio-pomazanka-s-pazitkou-itemid-64ca0b7cba162577de489b09",
      "image_url": "https://imageproxy.wolt.com/menu/menu-images/64ffec4406cca0140dfab831/5d7630c0-8ebc-11ee-8816-461ac7d1f05d_26835815.jpg",
      "categories": [
        "UZENINY A LAHŮDKY",
        "SALÁTY A POMAZÁNKY"
      ],
      "prices": [
        {
          "store_name": "Albert",
          "price": null,
          "original_price": null,
          "unit_price": 232.67,
          "unit": "Kg",
          "package_size": "150 g",
          "condition": "Sleva"
        }
      ],
      "description": null
    },
    {
      "name": "Sedita Mila",
      "brand": "Sedita",
      "product_url": "https://wolt.com/cs/cze/prague/venue/albert-vinohradska/sedita-mila-itemid-64ca0b7cba162577de4885d7",
      "image_url": "https://imageproxy.wolt.com/menu/menu-images/64ffec4406cca0140dfab831/3facceba-8eac-11ee-9931-3e3f8d1903a2_20300166.jpg",
      "categories": [
        "TRVANLIVÉ",
        "SLADKOSTI"
      ],
      "prices": [
        {
          "store_name": "Albert",
          "price": 12.9,
          "original_price": null,
          "unit_price": 258.0,
          "unit": "Kg",
          "package_size": "50 g",
          "condition": null
        }
      ],
      "description": null
    },
    {
      "name": "Česká Chuť Zmrzlina z Opočna čokoládová",
      "brand": "Česká chuť",
      "product_url": "https://wolt.com/cs/cze/prague/venue/albert-vinohradska/ceska-chut-zmrzlina-z-opocna-cokoladova-itemid-6876153a0c6218e9f3e5f487",
      "image_url": "https://imageproxy.wolt.com/menu/menu-images/64b62ec5e5ab70cdc92e30f0/3462f632-616f-11f0-bcbe-4e92ee44ffbc_27862704.jpg",
      "categories": [
        "MRAŽENÉ POTRAVINY",
        "ZMRZLINA A NANUKY"
      ],
      "prices": [
        {
          "store_name": "Albert",
          "price": 89.9,
          "original_price": null,
          "unit_price": 195.43,
          "unit": "l",
          "package_size": "460 ml",
          "condition": null
        }
      ],
      "description": null
    },
    {
      "name": "Nature's Promise Chlebíčky rýžové",
      "brand": "Nature's Promise",
      "product_url": "https://wolt.com/cs/cze/prague/venue/albert-vinohradska/nature-s-promise-chlebicky-ryzove-itemid-6601f6360e5187eb5059b990",
      "image_url": "https://imageproxy.wolt.com/menu/menu-images/6601c613e48d1c8d95333085/b043711c-eae4-11ee-9a9d-82fdea1e0d7d_27647493.jpg",
      "categories": [
        "TRVANLIVÉ",
        "MÜSLI A CEREÁLIE"
      ],
      "prices": [
        {
          "store_name": "Albert",
          "price": 23.9,
          "original_price": null,
          "unit_price": 183.85,
          "unit": "Kg",
          "package_size": "130 g",
          "condition": null
        }
      ],
      "description": null
    },
    {
      "name": "Kitbis Lízátko roksové",
      "brand": "Kitbis",
      "product_url": "https://wolt.com/cs/cze/prague/venue/albert-vinohradska/kitbis-lizatko-roksove-itemid-64ca0b7cba162577de489135",
      "image_url": "https://imageproxy.wolt.com/menu/menu-images/64ffec4406cca0140dfab831/21dd62ae-8ebc-11ee-b3f4-be2d1bdd5ebf_26824024.jpg",
      "categories": [
        "TRVANLIVÉ",
        "SLADKOSTI"
      ],
      "prices": [
        {
          "store_name": "Albert",
          "price": 5.9,
          "original_price": null,
          "unit_price": 590.0,
          "unit": "Kg",
          "package_size": "10 g",
          "condition": null
        }
      ],
      "description": null
    },
    {
      "name": "Carte d'Or Sachertorte",
      "brand": "Carte",
      "product_url": "https://wolt.com/cs/cze/prague/venue/albert-vinohradska/carte-d-or-sachertorte-itemid-6876153a0c6218e9f3e5f492",
      "image_url": "https://imageproxy.wolt.com/menu/menu-images/64b62ec5e5ab70cdc92e30f0/3a227282-616f-11f0-bc83-2a715263ce6f_27857014.jpg",
      "categories": [
        "MRAŽENÉ POTRAVINY",
        "ZMRZLINA A NANUKY"
      ],
      "prices": [
        {
          "store_name": "Albert",
          "price": 99.9,
          "original_price": null,
          "unit_price": 121.09,
          "unit": "l",
          "package_size": "825 ml",
          "condition": null
        }
      ],
      "description": null
    },
    {
      "name": "Albert Kapsa hovězí v omáčce pro kočky",
      "brand": "Albert",
      "product_url": "https://wolt.com/cs/cze/prague/venue/albert-vinohradska/albert-kapsa-hovezi-v-omacce-pro-kocky-itemid-64ca0b7cba162577de489d9a",
      "image_url": "https://imageproxy.wolt.com/menu/menu-images/64ffec4406cca0140dfab831/535e99e2-8eb2-11ee-959b-865f2970631c_24708906.jpg",
      "categories": [
        "ZVÍŘATA",
        "KOČKY"
      ],
      "prices": [
        {
          "store_name": "Albert",
          "price": 44.9,
          "original_price": null,
          "unit_price": 112.25,
          "unit": "Kg",
          "package_size": "400 g",
          "condition": null
        }
      ],
      "description": null
    },
    {
      "name": "Head & Shoulders Menthol Fresh Šampon proti lupům",
      "brand": "Head",
      "product_url": "https://wolt.com/cs/cze/prague/venue/albert-vinohradska/head-shoulders-menthol-fresh-sampon-proti-lupum-itemid-64ca0b7cba162577de489f46",
      "image_url": "https://imageproxy.wolt.com/menu/menu-images/63ad795db242366d1f818f36/240572c2-d671-11ee-a9f7-4a8b50b9e4f9_25257847.jpg",
      "categories": [
        "DROGERIE A KOSMETIKA",
        "PÉČE O VLASY"
      ],
      "prices": [
        {
          "store_name": "Albert",
          "price": 159.0,
          "original_price": null,
          "unit_price": 318.0,
          "unit": "l",
          "package_size": "500 ml",
          "condition": null
        }
      ],
      "description": null
    },
    {
      "name": "Tany Šumavský sýr smetanový",
      "brand": "Tany",
      "product_url": "https://wolt.com/cs/cze/prague/venue/albert-vinohradska/tany-sumavsky-syr-smetanovy-itemid-64ca0b7cba162577de48919b",
      "image_url": "https://imageproxy.wolt.com/menu/menu-images/64ffec4406cca0140dfab831/af12b9c2-8eb6-11ee-8f70-be8c16d2d45a_25803082.jpg",
      "categories": [
        "MLÉČNÉ A CHLAZENÉ",
        "SÝRY"
      ],
      "prices": [
        {
          "store_name": "Albert",
          "price": 21.9,
          "original_price": null,
          "unit_price": 243.33,
          "unit": "Kg",
          "package_size": "90 g",
          "condition": null
        }
      ],
      "description": null
    },
    {
      "name": "Bonduelle Zeleninová směs v mírně slaném nálevu",
      "brand": "Bonduelle",
      "product_url": "https://wolt.com/cs/cze/prague/venue/albert-vinohradska/bonduelle-zeleninova-smes-v-mirne-slanem-nalevu-itemid-64ca0b7cba162577de488611",
      "image_url": "https://imageproxy.wolt.com/menu/menu-images/64ffec4406cca0140dfab831/59c4a414-8eb4-11ee-9335-22a8008f3216_25287424.jpg",
      "categories": [
        "TRVANLIVÉ",
        "KONZERVOVANÉ POTR."
      ],
      "prices": [
        {
          "store_name": "Albert",
          "price": 32.9,
          "original_price": null,
          "unit_price": 124.15,
          "unit": "Kg",
          "package_size": "265 g",
          "condition": null
        }
      ],
      "description": null
    },
    {
      "name": "Douwe Egberts Excella mletá káva",
      "brand": "Douwe",
      "product_url": "https://wolt.com/cs/cze/prague/venue/albert-vinohradska/douwe-egberts-excella-mleta-kava-itemid-64ca0b7cba162577de48a2ce",
      "image_url": "https://imageproxy.wolt.com/menu/menu-images/64ffec4406cca0140dfab831/d7c0869c-8eb6-11ee-a7b9-1627932f216d_25849554.jpg",
      "categories": [
        "NÁPOJE",
        "KÁVA A ČAJ"
      ],
      "prices": [
        {
          "store_name": "Albert",
          "price": 149.9,
          "original_price": null,
          "unit_price": 749.5,
          "unit": "Kg",
          "package_size": "200 g",
          "condition": null
        }
      ],
      "description": null
    },
    {
      "name": "Gustona Zelené olivy bez pecky",
      "brand": "Gustona",
      "product_url": "https://wolt.com/cs/cze/prague/venue/albert-vinohradska/gustona-zelene-olivy-bez-pecky-itemid-64ca0b7cba162577de48a564",
      "image_url": "https://imageproxy.wolt.com/menu/menu-images/64ffec4406cca0140dfab831/c9dfb95e-8ec4-11ee-8436-46b0bb5ce808_27493205.jpg",
      "categories": [
        "TRVANLIVÉ",
        "KONZERVOVANÉ POTR."
      ],
      "prices": [
        {
          "store_name": "Albert",
          "price": 78.9,
          "original_price": null,
          "unit_price": 197.25,
          "unit": "Kg",
          "package_size": "400 g",
          "condition": null
        }
      ],
      "description": null
    },
    {
      "name": "Trolli Multi mix směs cukrovinek",
      "brand": "Trolli",
      "product_url": "https://wolt.com/cs/cze/prague/venue/albert-vinohradska/trolli-multi-mix-smes-cukrovinek-itemid-64ca0b7cba162577de48a252",
      "image_url": "https://imageproxy.wolt.com/menu/menu-images/64ffec4406cca0140dfab831/dd1215fa-8ebd-11ee-a200-92f467c0c86c_26973630.jpg",
      "categories": [
        "TRVANLIVÉ",
        "SLADKOSTI"
      ],
      "prices": [
        {
          "store_name": "Albert",
          "price": 209.0,
          "original_price": null,
          "unit_price": 418.0,
          "unit": "Kg",
          "package_size": "500 g",
          "condition": null
        }
      ],
      "description": null
    },
    {
      "name": "Tuc Mini slané krekry originál",
      "brand": "Tuc",
      "product_url": "https://wolt.com/cs/cze/prague/venue/albert-vinohradska/tuc-mini-slane-krekry-original-itemid-64ca0b7cba162577de489483",
      "image_url": "https://imageproxy.wolt.com/menu/menu-images/64ffec4406cca0140dfab831/c2462310-8eb3-11ee-a484-e2efa80c37b6_25136418.jpg",
      "categories": [
        "TRVANLIVÉ",
        "SLANÉ"
      ],
      "prices": [
        {
          "store_name": "Albert",
          "price": 19.9,
          "original_price": null,
          "unit_price": 199.0,
          "unit": "Kg",
          "package_size": "100 g",
          "condition": null
        }
      ],
      "description": null
    },
    {
      "name": "Giana Rajčata loupaná",
      "brand": "Giana",
      "product_url": "https://wolt.com/cs/cze/prague/venue/albert-vinohradska/giana-rajcata-loupana-itemid-64ca0b7cba162577de4883fd",
      "image_url": "https://imageproxy.wolt.com/menu/menu-images/64ffec4406cca0140dfab831/dcc2043e-8eb3-11ee-a877-feea992db910_25159264.jpg",
      "categories": [
        "TRVANLIVÉ",
        "KONZERVOVANÉ POTR."
      ],
      "prices": [
        {
          "store_name": "Albert",
          "price": 36.9,
          "original_price": null,
          "unit_price": 153.75,
          "unit": "Kg",
          "package_size": "240 g",
          "condition": null
        }
      ],
      "description": null
    },
    {
      "name": "Panzani Farfalle",
      "brand": "Panzani",
      "product_url": "https://wolt.com/cs/cze/prague/venue/albert-vinohradska/panzani-farfalle-itemid-64ca0b7cba162577de4882f3",
      "image_url": "https://imageproxy.wolt.com/menu/menu-images/64ffec4406cca0140dfab831/2df8daea-8eae-11ee-99e5-96c5aea62654_22002235.jpg",
      "categories": [
        "TRVANLIVÉ",
        "TĚSTOVINY A KUSKUS"
      ],
      "prices": [
        {
          "store_name": "Albert",
          "price": null,
          "original_price": null,
          "unit_price": 59.8,
          "unit": "Kg",
          "package_size": "500 g",
          "condition": "Sleva"
        }
      ],
      "description": null
    },
    {
      "name": "Březňák ležák staré školy",
      "brand": "Březňák",
      "product_url": "https://wolt.com/cs/cze/prague/venue/albert-vinohradska/breznak-lezak-stare-skoly-itemid-64ca0b7cba162577de48917c",
      "image_url": "https://imageproxy.wolt.com/menu/menu-images/64ffec4406cca0140dfab831/b18de846-8ebd-11ee-aac8-aa877d47d6e0_26961354.jpg",
      "categories": [
        "NÁPOJE",
        "PIVA"
      ],
      "prices": [
        {
          "store_name": "Albert",
          "price": 24.9,
          "original_price": null,
          "unit_price": 49.8,
          "unit": "l",
          "package_size": "500 ml, 4,9% alc",
          "condition": "18+"
        }
      ],
      "description": null
    },
    {
      "name": "Milko Bio Matylda tvaroh a jogurt vanilka",
      "brand": "Milko",
      "product_url": "https://wolt.com/cs/cze/prague/venue/albert-vinohradska/milko-bio-matylda-tvaroh-a-jogurt-vanilka-itemid-64ca0b7cba162577de489177",
      "image_url": "https://imageproxy.wolt.com/menu/menu-images/64ffec4406cca0140dfab831/ad095d08-8ec4-11ee-98ba-66f80a096b2a_27483671.jpg",
      "categories": [
        "MLÉČNÉ A CHLAZENÉ",
        "JOGURTY A DEZERTY"
      ],
      "prices": [
        {
          "store_name": "Albert",
          "price": 15.9,
          "original_price": null,
          "unit_price": 127.2,
          "unit": "Kg",
          "package_size": "125 g",
          "condition": null
        }
      ],
      "description": null
    },
    {
      "name": "Leffe Blonde Svrchně kvašené světlé",
      "brand": "Leffe",
      "product_url": "https://wolt.com/cs/cze/prague/venue/albert-vinohradska/leffe-blonde-svrchne-kvasene-svetle-itemid-657233256818b938df9486e9",
      "image_url": "https://imageproxy.wolt.com/menu/menu-images/64ffec4406cca0140dfab831/b4276366-8eae-11ee-9823-12ad6b72684e_22714824.jpg",
      "categories": [
        "NÁPOJE",
        "PIVA"
      ],
      "prices": [
        {
          "store_name": "Albert",
          "price": 49.9,
          "original_price": null,
          "unit_price": 151.21,
          "unit": "l",
          "package_size": "330 ml, 6,6% alc",
          "condition": "18+, Vyprodáno"
        }
      ],
      "description": null
    },
    {
      "name": "Gustona Penne",
      "brand": "Gustona",
      "product_url": "https://wolt.com/cs/cze/prague/venue/albert-vinohradska/gustona-penne-itemid-64ca0b7cba162577de4882df",
      "image_url": "https://imageproxy.wolt.com/menu/menu-images/63ad795db242366d1f818f36/a45aa462-aef6-11ee-ac1b-0a80883d6d23_26384429.jpg",
      "categories": [
        "TRVANLIVÉ",
        "TĚSTOVINY A KUSKUS"
      ],
      "prices": [
        {
          "store_name": "Albert",
          "price": 12.9,
          "original_price": null,
          "unit_price": 32.25,
          "unit": "Kg",
          "package_size": "400 g",
          "condition": null
        }
      ],
      "description": null
    },
    {
      "name": "Dream&Co Mini nanuky mix",
      "brand": "Dream&Co",
      "product_url": "https://wolt.com/cs/cze/prague/venue/albert-vinohradska/dream-co-mini-nanuky-mix-itemid-6876153a0c6218e9f3e5f441",
      "image_url": "https://imageproxy.wolt.com/menu/menu-images/64b62ec5e5ab70cdc92e30f0/051e092a-616f-11f0-849f-62654d55b531_27007730.jpg",
      "categories": [
        "MRAŽENÉ POTRAVINY",
        "ZMRZLINA A NANUKY"
      ],
      "prices": [
        {
          "store_name": "Albert",
          "price": 114.9,
          "original_price": null,
          "unit_price": 287.25,
          "unit": "l",
          "package_size": "400 ml",
          "condition": null
        }
      ],
      "description": null
    },
    {
      "name": "Adriana Pasta Farfalle",
      "brand": "Adriana",
      "product_url": "https://wolt.com/cs/cze/prague/venue/albert-vinohradska/adriana-pasta-farfalle-itemid-64ca0b7cba162577de489598",
      "image_url": "https://imageproxy.wolt.com/menu/menu-images/63ad795db242366d1f818f36/662d5782-8e26-11f0-b69c-d27f170c39cd_25471465.jpg",
      "categories": [
        "TRVANLIVÉ",
        "TĚSTOVINY A KUSKUS"
      ],
      "prices": [
        {
          "store_name": "Albert",
          "price": 49.9,
          "original_price": null,
          "unit_price": 99.8,
          "unit": "Kg",
          "package_size": "500 g",
          "condition": null
        }
      ],
      "description": null
    },
    {
      "name": "Jupík Aqua malina",
      "brand": "Jupík",
      "product_url": "https://wolt.com/cs/cze/prague/venue/albert-vinohradska/jupik-aqua-malina-itemid-657233256818b938df948540",
      "image_url": "https://imageproxy.wolt.com/menu/menu-images/64ffec4406cca0140dfab831/042fb75c-8eb7-11ee-bdac-fe2992cf6bd0_25881349.jpg",
      "categories": [
        "NÁPOJE",
        "LIMONÁDY"
      ],
      "prices": [
        {
          "store_name": "Albert",
          "price": 21.9,
          "original_price": null,
          "unit_price": 43.8,
          "unit": "l",
          "package_size": "500 ml",
          "condition": null
        }
      ],
      "description": null
    },
    {
      "name": "Tic Tac máta",
      "brand": "Tic",
      "product_url": "https://wolt.com/cs/cze/prague/venue/albert-vinohradska/tic-tac-mata-itemid-64ca0b7cba162577de4889bb",
      "image_url": "https://imageproxy.wolt.com/menu/menu-images/63ad795db242366d1f818f36/ab35dc78-9796-11ef-9622-6a041ee1e26d_20300654.jpg",
      "categories": [
        "TRVANLIVÉ",
        "SLADKOSTI"
      ],
      "prices": [
        {
          "store_name": "Albert",
          "price": 19.9,
          "original_price": null,
          "unit_price": 1105.56,
          "unit": "Kg",
          "package_size": "18 g",
          "condition": null
        }
      ],
      "description": null
    },
    {
      "name": "Papita karamel  karamelovým krémem",
      "brand": "Papita",
      "product_url": "https://wolt.com/cs/cze/prague/venue/albert-vinohradska/papita-karamel-karamelovym-kremem-itemid-6601e7b9dc1d7ef51ff3f78d",
      "image_url": "https://imageproxy.wolt.com/menu/menu-images/6601c613e48d1c8d95333085/2e089a24-eae4-11ee-8b6f-767946bf8e19_27461501.jpg",
      "categories": [
        "TRVANLIVÉ",
        "SLADKOSTI"
      ],
      "prices": [
        {
          "store_name": "Albert",
          "price": 10.9,
          "original_price": null,
          "unit_price": 330.3,
          "unit": "Kg",
          "package_size": "33 g",
          "condition": null
        }
      ],
      "description": null
    },
    {
      "name": "Nature´s Promise Bio Špaldové tyčinky",
      "brand": "Nature's",
      "product_url": "https://wolt.com/cs/cze/prague/venue/albert-vinohradska/natures-promise-bio-spaldove-tycinky-itemid-64ca0b7cba162577de48983f",
      "image_url": "https://imageproxy.wolt.com/menu/menu-images/63ad795db242366d1f818f36/1447e70e-168e-11ef-b44b-72e4f626e1cf_26845838.jpg",
      "categories": [
        "TRVANLIVÉ",
        "SLANÉ"
      ],
      "prices": [
        {
          "store_name": "Albert",
          "price": null,
          "original_price": null,
          "unit_price": 365.0,
          "unit": "Kg",
          "package_size": "60 g",
          "condition": "Sleva"
        }
      ],
      "description": null
    },
    {
      "name": "Jelen Prací prášek s mýdlovým základem",
      "brand": "Jelen",
      "product_url": "https://wolt.com/cs/cze/prague/venue/albert-vinohradska/jelen-praci-prasek-s-mydlovym-zakladem-itemid-64ca0b7cba162577de48a2ad",
      "image_url": "https://imageproxy.wolt.com/menu/menu-images/64ffec4406cca0140dfab831/7411d920-8ebb-11ee-896b-16e6bf59122a_26773995.jpg",
      "categories": [
        "DROGERIE A KOSMETIKA",
        "PRACÍ PROSTŘEDKY"
      ],
      "prices": [
        {
          "store_name": "Albert",
          "price": null,
          "original_price": null,
          "unit_price": 4.98,
          "unit": "ks",
          "package_size": "‪60‬ kusů",
          "condition": "Sleva"
        }
      ],
      "description": null
    },
    {
      "name": "Fine Crunchy Snack slanina",
      "brand": "Fine Crunchy",
      "product_url": "https://wolt.com/cs/cze/prague/venue/albert-vinohradska/fine-crunchy-snack-slanina-itemid-64ca0b7cba162577de4896bc",
      "image_url": "https://imageproxy.wolt.com/menu/menu-images/63ad795db242366d1f818f36/e52edf56-4804-11ef-8eb9-12926093ab84_25063820.jpg",
      "categories": [
        "TRVANLIVÉ",
        "SLANÉ"
      ],
      "prices": [
        {
          "store_name": "Albert",
          "price": 26.9,
          "original_price": null,
          "unit_price": 215.2,
          "unit": "Kg",
          "package_size": "125 g",
          "condition": null
        }
      ],
      "description": null
    },
    {
      "name": "Albert Eidam 30% uzený, plátky",
      "brand": "Albert",
      "product_url": "https://wolt.com/cs/cze/prague/venue/albert-vinohradska/albert-eidam-30-uzeny-platky-itemid-64ca0b7cba162577de488ae3",
      "image_url": "https://imageproxy.wolt.com/menu/menu-images/64ffec4406cca0140dfab831/1573abec-8ebf-11ee-9a4a-5e4e081b1cfc_27089026.jpg",
      "categories": [
        "MLÉČNÉ A CHLAZENÉ",
        "SÝRY"
      ],
      "prices": [
        {
          "store_name": "Albert",
          "price": 26.9,
          "original_price": null,
          "unit_price": 269.0,
          "unit": "Kg",
          "package_size": "100 g",
          "condition": null
        }
      ],
      "description": null
    },
    {
      "name": "Mattoni Minerální voda perlivá bílý hrozen",
      "brand": "Mattoni",
      "product_url": "https://wolt.com/cs/cze/prague/venue/albert-vinohradska/mattoni-mineralni-voda-perliva-bily-hrozen-itemid-64ca0b7cba162577de4882d5",
      "image_url": "https://imageproxy.wolt.com/menu/menu-images/63ad795db242366d1f818f36/08246182-7826-11f0-a712-92b75d278206_24631235.jpg",
      "categories": [
        "NÁPOJE",
        "VODY A MINERÁLKY"
      ],
      "prices": [
        {
          "store_name": "Albert",
          "price": 14.9,
          "original_price": null,
          "unit_price": 9.93,
          "unit": "l",
          "package_size": "1,5 l",
          "condition": null
        }
      ],
      "description": null
    },
    {
      "name": "Dobrá voda Jemně perlivá lesní jahoda",
      "brand": "Dobrá",
      "product_url": "https://wolt.com/cs/cze/prague/venue/albert-vinohradska/dobra-voda-jemne-perliva-lesni-jahoda-itemid-64ca0b7cba162577de48923a",
      "image_url": "https://imageproxy.wolt.com/menu/menu-images/64ffec4406cca0140dfab831/ebe28a90-8eb5-11ee-a250-c64f1deb8de2_25654585.jpg",
      "categories": [
        "NÁPOJE",
        "VODY A MINERÁLKY"
      ],
      "prices": [
        {
          "store_name": "Albert",
          "price": 20.9,
          "original_price": null,
          "unit_price": 13.93,
          "unit": "l",
          "package_size": "1,5 l",
          "condition": null
        }
      ],
      "description": null
    },
    {
      "name": "Albert Coffee creamer instantní",
      "brand": "Albert",
      "product_url": "https://wolt.com/cs/cze/prague/venue/albert-vinohradska/albert-coffee-creamer-instantni-itemid-64ca0b7cba162577de48889b",
      "image_url": "https://imageproxy.wolt.com/menu/menu-images/64ffec4406cca0140dfab831/57bfdf32-8eb2-11ee-9cdc-c64f1deb8de2_24718950.jpg",
      "categories": [
        "MLÉČNÉ A CHLAZENÉ",
        "MLÉČNÉ NÁPOJE"
      ],
      "prices": [
        {
          "store_name": "Albert",
          "price": 24.9,
          "original_price": null,
          "unit_price": 124.5,
          "unit": "Kg",
          "package_size": "200 g",
          "condition": null
        }
      ],
      "description": null
    },
    {
      "name": "Bohemia Chips čočkové paprika",
      "brand": "Bohemia",
      "product_url": "https://wolt.com/cs/cze/prague/venue/albert-vinohradska/bohemia-chips-cockove-paprika-itemid-64ca0b7cba162577de489354",
      "image_url": "https://imageproxy.wolt.com/menu/menu-images/64ffec4406cca0140dfab831/d4bc81ac-8ec6-11ee-b326-5e4be69f0c6c_27625422.jpg",
      "categories": [
        "TRVANLIVÉ",
        "SLANÉ"
      ],
      "prices": [
        {
          "store_name": "Albert",
          "price": 34.9,
          "original_price": null,
          "unit_price": 536.92,
          "unit": "Kg",
          "package_size": "65 g",
          "condition": null
        }
      ],
      "description": null
    },
    {
      "name": "Albert Excellent Citrónová šťáva",
      "brand": "Albert Excellent",
      "product_url": "https://wolt.com/cs/cze/prague/venue/albert-vinohradska/albert-excellent-citronova-stava-itemid-64ca0b7cba162577de488b05",
      "image_url": "https://imageproxy.wolt.com/menu/menu-images/63ad795db242366d1f818f36/09c90b1e-7826-11f0-afd9-ba80eada4c41_24844512.jpg",
      "categories": [
        "NÁPOJE",
        "SIRUPY A KONCENTRÁTY"
      ],
      "prices": [
        {
          "store_name": "Albert",
          "price": 43.9,
          "original_price": null,
          "unit_price": 351.2,
          "unit": "l",
          "package_size": "125 ml",
          "condition": null
        }
      ],
      "description": null
    },
    {
      "name": "Fernet Stock Citrus Standard 23%",
      "brand": "Fernet",
      "product_url": "https://wolt.com/cs/cze/prague/venue/albert-vinohradska/fernet-stock-citrus-standard-23-itemid-651c8462a9eeab59acfecd72",
      "image_url": "https://imageproxy.wolt.com/menu/menu-images/64ffec4406cca0140dfab831/084582e4-8ec7-11ee-bab5-1601976705be_27638682.jpg",
      "categories": [
        "NÁPOJE",
        "LIHOVINY"
      ],
      "prices": [
        {
          "store_name": "Albert",
          "price": 189.0,
          "original_price": null,
          "unit_price": 378.0,
          "unit": "l",
          "package_size": "500 ml, 23% alc",
          "condition": "18+"
        }
      ],
      "description": null
    },
    {
      "name": "Hamé Pomazánka Tuňák pikantní",
      "brand": "Hamé",
      "product_url": "https://wolt.com/cs/cze/prague/venue/albert-vinohradska/hame-pomazanka-tunak-pikantni-itemid-657233256818b938df94869d",
      "image_url": "https://imageproxy.wolt.com/menu/menu-images/64ffec4406cca0140dfab831/f1c0ed40-8ebe-11ee-9099-9ec5d8563a7d_27081730.jpg",
      "categories": [
        "UZENINY A LAHŮDKY",
        "LAHŮDKY"
      ],
      "prices": [
        {
          "store_name": "Albert",
          "price": 43.9,
          "original_price": null,
          "unit_price": 439.0,
          "unit": "Kg",
          "package_size": "100 g",
          "condition": null
        }
      ],
      "description": null
    },
    {
      "name": "Fan Stevia Práškové sladidlo",
      "brand": "Fan",
      "product_url": "https://wolt.com/cs/cze/prague/venue/albert-vinohradska/fan-stevia-praskove-sladidlo-itemid-64ca0b7cba162577de489cff",
      "image_url": "https://imageproxy.wolt.com/menu/menu-images/64ffec4406cca0140dfab831/d2692f2e-8eb5-11ee-8f81-1e9e4c6f0bda_25637786.jpg",
      "categories": [
        "TRVANLIVÉ",
        "SPECIÁLNÍ"
      ],
      "prices": [
        {
          "store_name": "Albert",
          "price": 76.9,
          "original_price": null,
          "unit_price": 307.6,
          "unit": "Kg",
          "package_size": "250 g",
          "condition": null
        }
      ],
      "description": null
    },
    {
      "name": "Emma Lísková jádra v mléčné čokoládě",
      "brand": "Emma",
      "product_url": "https://wolt.com/cs/cze/prague/venue/albert-vinohradska/emma-liskova-jadra-v-mlecne-cokolade-itemid-657233256818b938df9485b4",
      "image_url": "https://imageproxy.wolt.com/menu/menu-images/63ad795db242366d1f818f36/8e3a7d54-d995-11ef-b762-f2916e8376b4_24983204.jpg",
      "categories": [
        "OVOCE A ZELENINA",
        "SUCHÉ PLODY"
      ],
      "prices": [
        {
          "store_name": "Albert",
          "price": 69.9,
          "original_price": null,
          "unit_price": 466.0,
          "unit": "Kg",
          "package_size": "150 g",
          "condition": null
        }
      ],
      "description": null
    },
    {
      "name": "Nature's Promise Šťáva jablko, jahoda a banán",
      "brand": "Nature's Promise",
      "product_url": "https://wolt.com/cs/cze/prague/venue/albert-vinohradska/nature-s-promise-stava-jablko-jahoda-a-banan-itemid-64ca0b7cba162577de489acf",
      "image_url": "https://imageproxy.wolt.com/menu/menu-images/63ad795db242366d1f818f36/3dfed788-7826-11f0-b0a3-f2fa7a2cce89_26486130.jpg",
      "categories": [
        "NÁPOJE",
        "DŽUSY A NEKTARY"
      ],
      "prices": [
        {
          "store_name": "Albert",
          "price": 34.9,
          "original_price": null,
          "unit_price": 139.6,
          "unit": "l",
          "package_size": "250 ml",
          "condition": null
        }
      ],
      "description": null
    },
    {
      "name": "Viva Vepřové maso v konzervě",
      "brand": "Viva",
      "product_url": "https://wolt.com/cs/cze/prague/venue/albert-vinohradska/viva-veprove-maso-v-konzerve-itemid-64ca0b7cba162577de489c8a",
      "image_url": "https://imageproxy.wolt.com/menu/menu-images/64ffec4406cca0140dfab831/59ce79f8-8eb4-11ee-81ed-1e9e4c6f0bda_25287349.jpg",
      "categories": [
        "TRVANLIVÉ",
        "KONZERVOVANÉ POTR."
      ],
      "prices": [
        {
          "store_name": "Albert",
          "price": 36.9,
          "original_price": null,
          "unit_price": 92.25,
          "unit": "Kg",
          "package_size": "400 g",
          "condition": null
        }
      ],
      "description": null
    },
    {
      "name": "Gustona Jablečné pyré slazené",
      "brand": "Gustona",
      "product_url": "https://wolt.com/cs/cze/prague/venue/albert-vinohradska/gustona-jablecne-pyre-slazene-itemid-64ca0b7cba162577de488903",
      "image_url": "https://imageproxy.wolt.com/menu/menu-images/63ad795db242366d1f818f36/525008fa-bbe4-11ef-a18c-46cd2311e2a7_26786520.jpg",
      "categories": [
        "TRVANLIVÉ",
        "KONZERVOVANÉ POTR."
      ],
      "prices": [
        {
          "store_name": "Albert",
          "price": 34.9,
          "original_price": null,
          "unit_price": 48.47,
          "unit": "Kg",
          "package_size": "720 g",
          "condition": null
        }
      ],
      "description": null
    },
    {
      "name": "Franz Josef Kaiser Exclusive Sušená rajčata",
      "brand": "Franz Josef Kaiser",
      "product_url": "https://wolt.com/cs/cze/prague/venue/albert-vinohradska/franz-josef-kaiser-exclusive-susena-rajcata-itemid-657233256818b938df9484a5",
      "image_url": "https://imageproxy.wolt.com/menu/menu-images/64ffec4406cca0140dfab831/e99eee78-8ec3-11ee-9c56-5e4be69f0c6c_27431986.jpg",
      "categories": [
        "TRVANLIVÉ",
        "KONZERVOVANÉ POTR."
      ],
      "prices": [
        {
          "store_name": "Albert",
          "price": 184.0,
          "original_price": null,
          "unit_price": 460.0,
          "unit": "Kg",
          "package_size": "400 g",
          "condition": null
        }
      ],
      "description": null
    },
    {
      "name": "Apetito Smetanové rodinné balení",
      "brand": "Apetito",
      "product_url": "https://wolt.com/cs/cze/prague/venue/albert-vinohradska/apetito-smetanove-rodinne-baleni-itemid-64ca0b7cba162577de4898a8",
      "image_url": "https://imageproxy.wolt.com/menu/menu-images/63ad795db242366d1f818f36/f646dffe-a8e9-11f0-9719-02b26d8f5af3_23107939.jpg",
      "categories": [
        "MLÉČNÉ A CHLAZENÉ",
        "SÝRY"
      ],
      "prices": [
        {
          "store_name": "Albert",
          "price": 69.9,
          "original_price": null,
          "unit_price": 349.5,
          "unit": "Kg",
          "package_size": "200 g",
          "condition": null
        }
      ],
      "description": null
    },
    {
      "name": "Opavia Zlaté Esíčka se skořicí a kakaem",
      "brand": "Opavia",
      "product_url": "https://wolt.com/cs/cze/prague/venue/albert-vinohradska/opavia-zlate-esicka-se-skorici-a-kakaem-itemid-64ca0b7cba162577de4881f5",
      "image_url": "https://imageproxy.wolt.com/menu/menu-images/63ad795db242366d1f818f36/0f63b562-d996-11ef-8ba0-6e59c5948762_22129680.jpg",
      "categories": [
        "TRVANLIVÉ",
        "SLADKOSTI"
      ],
      "prices": [
        {
          "store_name": "Albert",
          "price": 34.9,
          "original_price": null,
          "unit_price": 158.64,
          "unit": "Kg",
          "package_size": "220 g",
          "condition": null
        }
      ],
      "description": null
    },
    {
      "name": "Sunar Do ručičky ovocná meruňka 4m+",
      "brand": "Sunar",
      "product_url": "https://wolt.com/cs/cze/prague/venue/albert-vinohradska/sunar-do-rucicky-ovocna-merunka-4m-itemid-64ca0b7cba162577de48a030",
      "image_url": "https://imageproxy.wolt.com/menu/menu-images/64ffec4406cca0140dfab831/8e967334-8ebe-11ee-b97b-c60fee242f1d_27035818.jpg",
      "categories": [
        "DÍTĚ",
        "VÝŽIVA"
      ],
      "prices": [
        {
          "store_name": "Albert",
          "price": 21.9,
          "original_price": null,
          "unit_price": 219.0,
          "unit": "Kg",
          "package_size": "100 g",
          "condition": null
        }
      ],
      "description": null
    },
    {
      "name": "Nature's Promise Bio Bulgur pšeničný",
      "brand": "Nature's Promise",
      "product_url": "https://wolt.com/cs/cze/prague/venue/albert-vinohradska/nature-s-promise-bio-bulgur-psenicny-itemid-64ca0b7cba162577de489f89",
      "image_url": "https://imageproxy.wolt.com/menu/menu-images/64ffec4406cca0140dfab831/85105ffc-8ebc-11ee-b2d1-3abcd54edd52_26848334.jpg",
      "categories": [
        "TRVANLIVÉ",
        "PEČENÍ A VAŘENÍ"
      ],
      "prices": [
        {
          "store_name": "Albert",
          "price": null,
          "original_price": null,
          "unit_price": 89.8,
          "unit": "Kg",
          "package_size": "500 g",
          "condition": "Sleva"
        }
      ],
      "description": null
    },
    {
      "name": "Albert Cheddar 50% bloček",
      "brand": "Albert",
      "product_url": "https://wolt.com/cs/cze/prague/venue/albert-vinohradska/albert-cheddar-50-blocek-itemid-64ca0b7cba162577de48928b",
      "image_url": "https://imageproxy.wolt.com/menu/menu-images/64ffec4406cca0140dfab831/81892eca-8ebe-11ee-8fa8-d61ea9882201_27035405.jpg",
      "categories": [
        "MLÉČNÉ A CHLAZENÉ",
        "SÝRY"
      ],
      "prices": [
        {
          "store_name": "Albert",
          "price": 79.9,
          "original_price": null,
          "unit_price": 399.5,
          "unit": "Kg",
          "package_size": "200 g",
          "condition": null
        }
      ],
      "description": null
    },
    {
      "name": "Pantene Pro-V Kondicionér Intensive repair",
      "brand": "Pantene",
      "product_url": "https://wolt.com/cs/cze/prague/venue/albert-vinohradska/pantene-pro-v-kondicioner-intensive-repair-itemid-6601ea6fe4ac0e5a178c1e68",
      "image_url": "https://imageproxy.wolt.com/menu/menu-images/6601c613e48d1c8d95333085/087a7c1e-eae4-11ee-8605-fe765a3658ea_27351741.jpg",
      "categories": [
        "DROGERIE A KOSMETIKA",
        "PÉČE O VLASY"
      ],
      "prices": [
        {
          "store_name": "Albert",
          "price": 259.0,
          "original_price": null,
          "unit_price": 323.75,
          "unit": "l",
          "package_size": "800 ml",
          "condition": null
        }
      ],
      "description": null
    },
    {
      "name": "Croissant s náplní třešnovou",
      "brand": null,
      "product_url": "https://wolt.com/cs/cze/prague/venue/albert-vinohradska/croissant-s-naplni-tresnovou-itemid-6601e092b0339ec009df7fef",
      "image_url": "https://imageproxy.wolt.com/menu/menu-images/6601c613e48d1c8d95333085/66b2dc80-eae5-11ee-a063-0279839fcf9e_27838655.jpg",
      "categories": [
        "PEKÁRNA A CUKRÁRNA",
        "SLADKÉ PEČIVO BALENÉ"
      ],
      "prices": [
        {
          "store_name": "Albert",
          "price": 16.9,
          "original_price": null,
          "unit_price": 241.43,
          "unit": "Kg",
          "package_size": "70 g",
          "condition": null
        }
      ],
      "description": null
    },
    {
      "name": "Red Bull energy drink",
      "brand": "Red",
      "product_url": "https://wolt.com/cs/cze/prague/venue/albert-vinohradska/red-bull-energy-drink-itemid-64ca0b7cba162577de489f0b",
      "image_url": "https://imageproxy.wolt.com/menu/menu-images/64ffec4406cca0140dfab831/8b3a90ba-8eb1-11ee-8674-662d260bbeaa_24410106.jpg",
      "categories": [
        "NÁPOJE",
        "ENERGY NÁPOJE"
      ],
      "prices": [
        {
          "store_name": "Albert",
          "price": 59.9,
          "original_price": null,
          "unit_price": 168.73,
          "unit": "l",
          "package_size": "355 ml",
          "condition": null
        }
      ],
      "description": null
    },
    {
      "name": "Nugeta Danella Hořká čokoláda bez cukru",
      "brand": "Nugeta",
      "product_url": "https://wolt.com/cs/cze/prague/venue/albert-vinohradska/nugeta-danella-horka-cokolada-bez-cukru-itemid-657233256818b938df9478b0",
      "image_url": "https://imageproxy.wolt.com/menu/menu-images/64ffec4406cca0140dfab831/d5d71c86-8ebd-11ee-b081-faffdc4b9b96_26973418.jpg",
      "categories": [
        "TRVANLIVÉ",
        "SLADKOSTI"
      ],
      "prices": [
        {
          "store_name": "Albert",
          "price": 49.9,
          "original_price": null,
          "unit_price": 587.06,
          "unit": "Kg",
          "package_size": "85 g",
          "condition": null
        }
      ],
      "description": null
    },
    {
      "name": "Dortový korpus",
      "brand": "Dortový",
      "product_url": "https://wolt.com/cs/cze/prague/venue/albert-vinohradska/dortovy-korpus-itemid-657233256818b938df947888",
      "image_url": "https://imageproxy.wolt.com/menu/menu-images/64ffec4406cca0140dfab831/a56b6ec6-8ec2-11ee-94ad-9a1f6ae41663_27315903.jpg",
      "categories": [
        "PEKÁRNA A CUKRÁRNA",
        "SLADKÉ PEČIVO BALENÉ"
      ],
      "prices": [
        {
          "store_name": "Albert",
          "price": 47.9,
          "original_price": null,
          "unit_price": 239.5,
          "unit": "Kg",
          "package_size": "200 g",
          "condition": null
        }
      ],
      "description": null
    },
    {
      "name": "Garnier Fructis Vitamin & Strength balzám",
      "brand": "Garnier",
      "product_url": "https://wolt.com/cs/cze/prague/venue/albert-vinohradska/garnier-fructis-vitamin-strength-balzam-itemid-660218992d715bba762e87f7",
      "image_url": "https://imageproxy.wolt.com/menu/menu-images/6601c613e48d1c8d95333085/678359a6-eae4-11ee-85a8-7e51a1456ce6_27573891.jpg",
      "categories": [
        "DROGERIE A KOSMETIKA",
        "PÉČE O VLASY"
      ],
      "prices": [
        {
          "store_name": "Albert",
          "price": 79.9,
          "original_price": null,
          "unit_price": 399.5,
          "unit": "l",
          "package_size": "200 ml",
          "condition": null
        }
      ],
      "description": null
    },
    {
      "name": "Albert Slunečnicová jádra pražená solená",
      "brand": "Albert",
      "product_url": "https://wolt.com/cs/cze/prague/venue/albert-vinohradska/albert-slunecnicova-jadra-prazena-solena-itemid-64ca0b7cba162577de488bbb",
      "image_url": "https://imageproxy.wolt.com/menu/menu-images/64ffec4406cca0140dfab831/680a3f3e-8eb9-11ee-b54d-3a1814765055_26419534.jpg",
      "categories": [
        "OVOCE A ZELENINA",
        "SUCHÉ PLODY"
      ],
      "prices": [
        {
          "store_name": "Albert",
          "price": 15.9,
          "original_price": null,
          "unit_price": 159.0,
          "unit": "Kg",
          "package_size": "100 g",
          "condition": null
        }
      ],
      "description": null
    },
    {
      "name": "Albert Zelný salát s rajčetem",
      "brand": "Albert",
      "product_url": "https://wolt.com/cs/cze/prague/venue/albert-vinohradska/albert-zelny-salat-s-rajcetem-itemid-64ca0b7cba162577de4888cf",
      "image_url": "https://imageproxy.wolt.com/menu/menu-images/64ffec4406cca0140dfab831/44595cc8-8ec3-11ee-acbb-f6a0c6fd1153_27369739.jpg",
      "categories": [
        "OVOCE A ZELENINA",
        "HOTOVÉ SALÁTY"
      ],
      "prices": [
        {
          "store_name": "Albert",
          "price": 32.9,
          "original_price": null,
          "unit_price": 94.0,
          "unit": "Kg",
          "package_size": "350 g",
          "condition": "Vyprodáno"
        }
      ],
      "description": null
    },
    {
      "name": "Víno Mikulov Sommelier Club Rulandské šedé víno",
      "brand": "Víno",
      "product_url": "https://wolt.com/cs/cze/prague/venue/albert-vinohradska/vino-mikulov-sommelier-club-rulandske-sede-vino-itemid-657233256818b938df9486ce",
      "image_url": "https://imageproxy.wolt.com/menu/menu-images/64ffec4406cca0140dfab831/57c204f6-8eb2-11ee-8835-662d260bbeaa_24723053.jpg",
      "categories": [
        "NÁPOJE",
        "VÍNA"
      ],
      "prices": [
        {
          "store_name": "Albert",
          "price": 199.0,
          "original_price": null,
          "unit_price": 265.33,
          "unit": "l",
          "package_size": "750 ml, 12,5% alc",
          "condition": "18+"
        }
      ],
      "description": null
    },
    {
      "name": "Alto Bello Primitivo",
      "brand": "Alto",
      "product_url": "https://wolt.com/cs/cze/prague/venue/albert-vinohradska/alto-bello-primitivo-itemid-657233256818b938df948985",
      "image_url": "https://imageproxy.wolt.com/menu/menu-images/64ffec4406cca0140dfab831/7756f952-8ec6-11ee-908c-f6a0c6fd1153_27610831.jpg",
      "categories": [
        "NÁPOJE",
        "VÍNA"
      ],
      "prices": [
        {
          "store_name": "Albert",
          "price": 219.0,
          "original_price": null,
          "unit_price": 292.0,
          "unit": "l",
          "package_size": "750 ml, 13% alc",
          "condition": "18+"
        }
      ],
      "description": null
    },
    {
      "name": "Albert Gouda light bloček",
      "brand": "Albert",
      "product_url": "https://wolt.com/cs/cze/prague/venue/albert-vinohradska/albert-gouda-light-blocek-itemid-64ca0b7cba162577de489a61",
      "image_url": "https://imageproxy.wolt.com/menu/menu-images/64ffec4406cca0140dfab831/8189f3c8-8ebe-11ee-899e-06cf0d3d89bd_27035412.jpg",
      "categories": [
        "MLÉČNÉ A CHLAZENÉ",
        "SÝRY"
      ],
      "prices": [
        {
          "store_name": "Albert",
          "price": 44.9,
          "original_price": null,
          "unit_price": 224.5,
          "unit": "Kg",
          "package_size": "200 g",
          "condition": null
        }
      ],
      "description": null
    },
    {
      "name": "Kostelecké Uzeniny Poctivá šunka od kosti",
      "brand": "Kostelecké",
      "product_url": "https://wolt.com/cs/cze/prague/venue/albert-vinohradska/kostelecke-uzeniny-poctiva-sunka-od-kosti-itemid-64ca0b7cba162577de488411",
      "image_url": "https://imageproxy.wolt.com/menu/menu-images/64ffec4406cca0140dfab831/d52f4c3e-8eb5-11ee-af95-7217cc85b990_25641288.jpg",
      "categories": [
        "UZENINY A LAHŮDKY",
        "ŠUNKY A SLANINY"
      ],
      "prices": [
        {
          "store_name": "Albert",
          "price": 49.9,
          "original_price": null,
          "unit_price": 499.0,
          "unit": "Kg",
          "package_size": "100 g",
          "condition": null
        }
      ],
      "description": null
    },
    {
      "name": "Mattoni Multi Jemně perlivá tropické ovoce",
      "brand": "Mattoni",
      "product_url": "https://wolt.com/cs/cze/prague/venue/albert-vinohradska/mattoni-multi-jemne-perliva-tropicke-ovoce-itemid-64ca0b7cba162577de488283",
      "image_url": "https://imageproxy.wolt.com/menu/menu-images/63ad795db242366d1f818f36/dce84e46-7827-11f0-a1a9-9e37ff539d0d_27265789.jpg",
      "categories": [
        "NÁPOJE",
        "VODY A MINERÁLKY"
      ],
      "prices": [
        {
          "store_name": "Albert",
          "price": 14.9,
          "original_price": null,
          "unit_price": 9.93,
          "unit": "l",
          "package_size": "1,5 l",
          "condition": null
        }
      ],
      "description": null
    },
    {
      "name": "Gustona Bramborové Hranolky",
      "brand": "Gustona",
      "product_url": "https://wolt.com/cs/cze/prague/venue/albert-vinohradska/gustona-bramborove-hranolky-itemid-6876153a0c6218e9f3e5f48c",
      "image_url": "https://imageproxy.wolt.com/menu/menu-images/64b62ec5e5ab70cdc92e30f0/31b9f49e-616f-11f0-90f4-029703fba826_27846872.jpg",
      "categories": [
        "MRAŽENÉ POTRAVINY",
        "HRANOLKY"
      ],
      "prices": [
        {
          "store_name": "Albert",
          "price": 109.9,
          "original_price": null,
          "unit_price": 43.96,
          "unit": "Kg",
          "package_size": "2,5 kg",
          "condition": null
        }
      ],
      "description": null
    },
    {
      "name": "Sedlčanský Hermelín originál",
      "brand": "Sedlčanský",
      "product_url": "https://wolt.com/cs/cze/prague/venue/albert-vinohradska/sedlcansky-hermelin-original-itemid-64ca0b7cba162577de48805f",
      "image_url": "https://imageproxy.wolt.com/menu/menu-images/63ad795db242366d1f818f36/84eb4010-be3e-11f0-850f-1a96c7060dd6_20295479.jpg",
      "categories": [
        "MLÉČNÉ A CHLAZENÉ",
        "SÝRY"
      ],
      "prices": [
        {
          "store_name": "Albert",
          "price": null,
          "original_price": null,
          "unit_price": 329.0,
          "unit": "Kg",
          "package_size": "100 g",
          "condition": "Sleva"
        }
      ],
      "description": null
    },
    {
      "name": "Lučina Linie",
      "brand": "Lučina",
      "product_url": "https://wolt.com/cs/cze/prague/venue/albert-vinohradska/lucina-linie-itemid-64ca0b7cba162577de4882bf",
      "image_url": "https://imageproxy.wolt.com/menu/menu-images/63ad795db242366d1f818f36/000895c8-25b4-11f0-8612-be2844250d6c_23128897.jpg",
      "categories": [
        "MLÉČNÉ A CHLAZENÉ",
        "SÝRY"
      ],
      "prices": [
        {
          "store_name": "Albert",
          "price": 46.9,
          "original_price": null,
          "unit_price": 390.83,
          "unit": "Kg",
          "package_size": "120 g",
          "condition": null
        }
      ],
      "description": null
    },
    {
      "name": "Sunar Příkrm špagety s boloňskou omáčkou",
      "brand": "Sunar",
      "product_url": "https://wolt.com/cs/cze/prague/venue/albert-vinohradska/sunar-prikrm-spagety-s-bolonskou-omackou-itemid-657233256818b938df947c55",
      "image_url": "https://imageproxy.wolt.com/menu/menu-images/63ad795db242366d1f818f36/1a6e97f0-a8ea-11f0-b1e1-c254e1fad22d_26790169.jpg",
      "categories": [
        "DÍTĚ",
        "VÝŽIVA"
      ],
      "prices": [
        {
          "store_name": "Albert",
          "price": 39.9,
          "original_price": null,
          "unit_price": 332.5,
          "unit": "Kg",
          "package_size": "120 g",
          "condition": null
        }
      ],
      "description": null
    },
    {
      "name": "Nature's Promise Bio Čerstvá vejce",
      "brand": "Nature's Promise",
      "product_url": "https://wolt.com/cs/cze/prague/venue/albert-vinohradska/nature-s-promise-bio-cerstva-vejce-itemid-64ca0b7cba162577de4895dd",
      "image_url": "https://imageproxy.wolt.com/menu/menu-images/64ffec4406cca0140dfab831/ce34a630-8ebb-11ee-be77-3a3bddbb56de_26804576.jpg",
      "categories": [
        "MLÉČNÉ A CHLAZENÉ",
        "VEJCE A DROŽDÍ"
      ],
      "prices": [
        {
          "store_name": "Albert",
          "price": null,
          "original_price": null,
          "unit_price": 10.82,
          "unit": "ks",
          "package_size": "‪6‬ kusů",
          "condition": "Sleva"
        }
      ],
      "description": null
    },
    {
      "name": "Nature's Promise Bio Pohanka loupaná, kroupy",
      "brand": "Nature's Promise",
      "product_url": "https://wolt.com/cs/cze/prague/venue/albert-vinohradska/nature-s-promise-bio-pohanka-loupana-kroupy-itemid-64ca0b7cba162577de489544",
      "image_url": "https://imageproxy.wolt.com/menu/menu-images/63ad795db242366d1f818f36/f016cd20-4804-11ef-b9ff-0609f417ac40_26848372.jpg",
      "categories": [
        "TRVANLIVÉ",
        "RÝŽE A VAŘENÍ"
      ],
      "prices": [
        {
          "store_name": "Albert",
          "price": null,
          "original_price": null,
          "unit_price": 93.8,
          "unit": "Kg",
          "package_size": "500 g",
          "condition": "Sleva"
        }
      ],
      "description": null
    },
    {
      "name": "Lactovit Lactourea regenerační tělové mléko",
      "brand": "Lactovit",
      "product_url": "https://wolt.com/cs/cze/prague/venue/albert-vinohradska/lactovit-lactourea-regeneracni-telove-mleko-itemid-64ca0b7cba162577de48a2bd",
      "image_url": "https://imageproxy.wolt.com/menu/menu-images/64ffec4406cca0140dfab831/b7177f18-8ebb-11ee-b677-fe8631c3d5e9_26793382.jpg",
      "categories": [
        "DROGERIE A KOSMETIKA",
        "PÉČE O PLEŤ"
      ],
      "prices": [
        {
          "store_name": "Albert",
          "price": 175.0,
          "original_price": null,
          "unit_price": 437.5,
          "unit": "l",
          "package_size": "400 ml",
          "condition": null
        }
      ],
      "description": null
    },
    {
      "name": "Mlynářská veka",
      "brand": "Mlynářská",
      "product_url": "https://wolt.com/cs/cze/prague/venue/albert-vinohradska/mlynarska-veka-itemid-64ca0b7cba162577de48877b",
      "image_url": "https://imageproxy.wolt.com/menu/menu-images/64ffec4406cca0140dfab831/ed9c839e-8ec5-11ee-958f-22ab4de1c557_27586891.jpg",
      "categories": [
        "PEKÁRNA A CUKRÁRNA",
        "SLANÉ PEČIVO VOLNÉ"
      ],
      "prices": [
        {
          "store_name": "Albert",
          "price": 34.9,
          "original_price": null,
          "unit_price": 87.25,
          "unit": "Kg",
          "package_size": "400 g",
          "condition": null
        }
      ],
      "description": null
    },
    {
      "name": "Albert Bábovka selská, balená",
      "brand": "Albert",
      "product_url": "https://wolt.com/cs/cze/prague/venue/albert-vinohradska/albert-babovka-selska-balena-itemid-64ca0b7cba162577de488b09",
      "image_url": "https://imageproxy.wolt.com/menu/menu-images/64ffec4406cca0140dfab831/0dd02aa6-8eb4-11ee-85d5-1ec840397d06_25238099.jpg",
      "categories": [
        "PEKÁRNA A CUKRÁRNA",
        "SLADKÉ PEČIVO BALENÉ"
      ],
      "prices": [
        {
          "store_name": "Albert",
          "price": 52.9,
          "original_price": null,
          "unit_price": 132.25,
          "unit": "Kg",
          "package_size": "400 g",
          "condition": null
        }
      ],
      "description": null
    },
    {
      "name": "Jemča Ovocný čaj lesní plody",
      "brand": "Jemča",
      "product_url": "https://wolt.com/cs/cze/prague/venue/albert-vinohradska/jemca-ovocny-caj-lesni-plody-itemid-64ca0b7cba162577de48966b",
      "image_url": "https://imageproxy.wolt.com/menu/menu-images/63ad795db242366d1f818f36/e5c22576-a8e9-11f0-9198-5660483d790b_20303068.jpg",
      "categories": [
        "NÁPOJE",
        "KÁVA A ČAJ"
      ],
      "prices": [
        {
          "store_name": "Albert",
          "price": 28.9,
          "original_price": null,
          "unit_price": 722.5,
          "unit": "Kg",
          "package_size": "40 g",
          "condition": null
        }
      ],
      "description": null
    },
    {
      "name": "Český sad Jablečná šťáva",
      "brand": "Český",
      "product_url": "https://wolt.com/cs/cze/prague/venue/albert-vinohradska/cesky-sad-jablecna-stava-itemid-657233256818b938df947cad",
      "image_url": "https://imageproxy.wolt.com/menu/menu-images/64ffec4406cca0140dfab831/9630a1e2-8eb8-11ee-ae4e-16e6bf59122a_26160023.jpg",
      "categories": [
        "NÁPOJE",
        "DŽUSY A NEKTARY"
      ],
      "prices": [
        {
          "store_name": "Albert",
          "price": 179.9,
          "original_price": null,
          "unit_price": 35.98,
          "unit": "l",
          "package_size": "5 l",
          "condition": null
        }
      ],
      "description": null
    },
    {
      "name": "Šumavský Eidam 20% plátky",
      "brand": "Šumavský",
      "product_url": "https://wolt.com/cs/cze/prague/venue/albert-vinohradska/sumavsky-eidam-20-platky-itemid-64ca0b7cba162577de488a5f",
      "image_url": "https://imageproxy.wolt.com/menu/menu-images/64ffec4406cca0140dfab831/8365be14-8eb1-11ee-969e-eadf6ce36c9d_24407267.jpg",
      "categories": [
        "MLÉČNÉ A CHLAZENÉ",
        "SÝRY"
      ],
      "prices": [
        {
          "store_name": "Albert",
          "price": 39.9,
          "original_price": null,
          "unit_price": 399.0,
          "unit": "Kg",
          "package_size": "100 g",
          "condition": null
        }
      ],
      "description": null
    },
    {
      "name": "Vepřový bok bez kosti plátky",
      "brand": "Vepřový",
      "product_url": "https://wolt.com/cs/cze/prague/venue/albert-vinohradska/veprovy-bok-bez-kosti-platky-itemid-64ca0b7cba162577de488813",
      "image_url": "https://imageproxy.wolt.com/menu/menu-images/63ad795db242366d1f818f36/017dacca-2b47-11f0-9b0f-723e0220046c_22840400.jpg",
      "categories": [
        "MASO A RYBY",
        "VEPŘOVÉ"
      ],
      "prices": [
        {
          "store_name": "Albert",
          "price": 98.28,
          "original_price": null,
          "unit_price": null,
          "unit": null,
          "package_size": null,
          "condition": null
        }
      ],
      "description": null
    },
    {
      "name": "Franz Josef Kaiser Tuňákový salát quinoa",
      "brand": "Franz Josef Kaiser",
      "product_url": "https://wolt.com/cs/cze/prague/venue/albert-vinohradska/franz-josef-kaiser-tunakovy-salat-quinoa-itemid-64ca0b7cba162577de48941c",
      "image_url": "https://imageproxy.wolt.com/menu/menu-images/64ffec4406cca0140dfab831/a15b900c-8ebf-11ee-8141-46136b2ea02a_27125175.jpg",
      "categories": [
        "TRVANLIVÉ",
        "KONZERVOVANÉ POTR."
      ],
      "prices": [
        {
          "store_name": "Albert",
          "price": 44.9,
          "original_price": null,
          "unit_price": 280.63,
          "unit": "Kg",
          "package_size": "160 g",
          "condition": null
        }
      ],
      "description": null
    },
    {
      "name": "Hellmann's Omáčka k masu Chunky burger",
      "brand": "Hellmann's",
      "product_url": "https://wolt.com/cs/cze/prague/venue/albert-vinohradska/hellmann-s-omacka-k-masu-chunky-burger-itemid-64ca0b7cba162577de48979a",
      "image_url": "https://imageproxy.wolt.com/menu/menu-images/64ffec4406cca0140dfab831/ad3f35e4-8ebb-11ee-bf3e-2e13ed999a8b_26788197.jpg",
      "categories": [
        "TRVANLIVÉ",
        "KEČUPY A HOŘČICE"
      ],
      "prices": [
        {
          "store_name": "Albert",
          "price": 71.9,
          "original_price": null,
          "unit_price": 287.6,
          "unit": "l",
          "package_size": "250 ml",
          "condition": null
        }
      ],
      "description": null
    },
    {
      "name": "Captain Morgan White Rum 37,5%",
      "brand": "Captain Morgan",
      "product_url": "https://wolt.com/cs/cze/prague/venue/albert-vinohradska/captain-morgan-white-rum-37-5-itemid-64ca0b7cba162577de48a006",
      "image_url": "https://imageproxy.wolt.com/menu/menu-images/64ffec4406cca0140dfab831/3fde4c1c-8eb9-11ee-9497-1ec840397d06_26389943.jpg",
      "categories": [
        "NÁPOJE",
        "LIHOVINY"
      ],
      "prices": [
        {
          "store_name": "Albert",
          "price": 489.0,
          "original_price": null,
          "unit_price": 698.57,
          "unit": "l",
          "package_size": "700 ml, 37,5% alc",
          "condition": "18+"
        }
      ],
      "description": null
    },
    {
      "name": "Albert Brokolice",
      "brand": "Albert",
      "product_url": "https://wolt.com/cs/cze/prague/venue/albert-vinohradska/albert-brokolice-itemid-6876153a0c6218e9f3e5f412",
      "image_url": "https://imageproxy.wolt.com/menu/menu-images/64b62ec5e5ab70cdc92e30f0/e7492862-616e-11f0-9f6f-4a5d61809c4c_24343893.jpg",
      "categories": [
        "MRAŽENÉ POTRAVINY",
        "MRAŽENÉ OVOCE A ZELENINA"
      ],
      "prices": [
        {
          "store_name": "Albert",
          "price": 34.9,
          "original_price": null,
          "unit_price": 99.71,
          "unit": "Kg",
          "package_size": "350 g",
          "condition": null
        }
      ],
      "description": null
    },
    {
      "name": "7Days Croissant s kousky čokolády",
      "brand": "7Days",
      "product_url": "https://wolt.com/cs/cze/prague/venue/albert-vinohradska/7days-croissant-s-kousky-cokolady-itemid-660213d71908b15b0e263608",
      "image_url": "https://imageproxy.wolt.com/menu/menu-images/6601c613e48d1c8d95333085/7aa1c0b2-eae5-11ee-9485-66a4d0af098d_27843932.jpg",
      "categories": [
        "PEKÁRNA A CUKRÁRNA",
        "SLADKÉ PEČIVO BALENÉ"
      ],
      "prices": [
        {
          "store_name": "Albert",
          "price": 23.9,
          "original_price": null,
          "unit_price": 341.43,
          "unit": "Kg",
          "package_size": "70 g",
          "condition": null
        }
      ],
      "description": null
    },
    {
      "name": "Birgo Grapefruit",
      "brand": "Birgo",
      "product_url": "https://wolt.com/cs/cze/prague/venue/albert-vinohradska/birgo-grapefruit-itemid-64ca0b7cba162577de489780",
      "image_url": "https://imageproxy.wolt.com/menu/menu-images/64ffec4406cca0140dfab831/3d707e98-8ec6-11ee-947f-fedb83882cb3_27605899.jpg",
      "categories": [
        "NÁPOJE",
        "PIVA"
      ],
      "prices": [
        {
          "store_name": "Albert",
          "price": 23.9,
          "original_price": null,
          "unit_price": 47.8,
          "unit": "l",
          "package_size": "500 ml, 0,3% alc",
          "condition": null
        }
      ],
      "description": null
    },
    {
      "name": "Nature's Promise Bio Gouda 48% plátky",
      "brand": "Nature's Promise",
      "product_url": "https://wolt.com/cs/cze/prague/venue/albert-vinohradska/nature-s-promise-bio-gouda-48-platky-itemid-651c84f50a92646a996dbe65",
      "image_url": "https://imageproxy.wolt.com/menu/menu-images/64ffec4406cca0140dfab831/f4b882d6-8eca-11ee-a028-5e576a1679f9_27793282.jpg",
      "categories": [
        "MLÉČNÉ A CHLAZENÉ",
        "SÝRY"
      ],
      "prices": [
        {
          "store_name": "Albert",
          "price": null,
          "original_price": null,
          "unit_price": 329.0,
          "unit": "Kg",
          "package_size": "100 g",
          "condition": "Sleva"
        }
      ],
      "description": null
    },
    {
      "name": "Emco Kukuřičné lupínky",
      "brand": "Emco",
      "product_url": "https://wolt.com/cs/cze/prague/venue/albert-vinohradska/emco-kukuricne-lupinky-itemid-64ca0b7cba162577de4897a4",
      "image_url": "https://imageproxy.wolt.com/menu/menu-images/63ad795db242366d1f818f36/84eb5ab4-be3e-11f0-a6d5-8aedc17b3abc_20304584.jpg",
      "categories": [
        "TRVANLIVÉ",
        "MÜSLI A CEREÁLIE"
      ],
      "prices": [
        {
          "store_name": "Albert",
          "price": 69.9,
          "original_price": null,
          "unit_price": 186.4,
          "unit": "Kg",
          "package_size": "375 g",
          "condition": null
        }
      ],
      "description": null
    },
    {
      "name": "Legenda Fernet Citrus 27%",
      "brand": "Legenda",
      "product_url": "https://wolt.com/cs/cze/prague/venue/albert-vinohradska/legenda-fernet-citrus-27-itemid-64ca0b7cba162577de48987f",
      "image_url": "https://imageproxy.wolt.com/menu/menu-images/64ffec4406cca0140dfab831/3dffdbea-8ec3-11ee-b23d-eeaf6a6837cc_27365069.jpg",
      "categories": [
        "NÁPOJE",
        "LIHOVINY"
      ],
      "prices": [
        {
          "store_name": "Albert",
          "price": 159.0,
          "original_price": null,
          "unit_price": 318.0,
          "unit": "l",
          "package_size": "500 ml, 27% alc",
          "condition": "18+"
        }
      ],
      "description": null
    },
    {
      "name": "Chilly Gel pro intimní hygienu",
      "brand": "Chilly",
      "product_url": "https://wolt.com/cs/cze/prague/venue/albert-vinohradska/chilly-gel-pro-intimni-hygienu-itemid-657233256818b938df947eeb",
      "image_url": "https://imageproxy.wolt.com/menu/menu-images/64ffec4406cca0140dfab831/22e5336e-8eb4-11ee-89eb-2e13ed999a8b_25248340.jpg",
      "categories": [
        "DROGERIE A KOSMETIKA",
        "MÝDLA A GELY"
      ],
      "prices": [
        {
          "store_name": "Albert",
          "price": null,
          "original_price": null,
          "unit_price": 399.5,
          "unit": "l",
          "package_size": "200 ml",
          "condition": "Sleva"
        }
      ],
      "description": null
    },
    {
      "name": "Opavia BeBe Dobré ráno oříškové s medem 8x 50g",
      "brand": "Opavia",
      "product_url": "https://wolt.com/cs/cze/prague/venue/albert-vinohradska/opavia-bebe-dobre-rano-oriskove-s-medem-8x-50g-itemid-64ca0b7cba162577de48950e",
      "image_url": "https://imageproxy.wolt.com/menu/menu-images/63ad795db242366d1f818f36/c258bfa8-ed43-11ef-9a03-46a20cae12e9_23488373.jpg",
      "categories": [
        "TRVANLIVÉ",
        "SLADKOSTI"
      ],
      "prices": [
        {
          "store_name": "Albert",
          "price": 69.9,
          "original_price": null,
          "unit_price": 174.75,
          "unit": "Kg",
          "package_size": "400 g",
          "condition": null
        }
      ],
      "description": null
    },
    {
      "name": "Bohemia Chips Vroubky hořčice",
      "brand": "Bohemia",
      "product_url": "https://wolt.com/cs/cze/prague/venue/albert-vinohradska/bohemia-chips-vroubky-horcice-itemid-657233256818b938df947b98",
      "image_url": "https://imageproxy.wolt.com/menu/menu-images/64ffec4406cca0140dfab831/b19ba652-8ebd-11ee-b68d-2ea44b0f5f93_26961439.jpg",
      "categories": [
        "TRVANLIVÉ",
        "SLANÉ"
      ],
      "prices": [
        {
          "store_name": "Albert",
          "price": 39.9,
          "original_price": null,
          "unit_price": 332.5,
          "unit": "Kg",
          "package_size": "120 g",
          "condition": null
        }
      ],
      "description": null
    },
    {
      "name": "Rothmans of London Demi Blue",
      "brand": "Rothmans",
      "product_url": "https://wolt.com/cs/cze/prague/venue/albert-vinohradska/rothmans-of-london-demi-blue-itemid-657233256818b938df94857c",
      "image_url": "https://imageproxy.wolt.com/menu/menu-images/64ffec4406cca0140dfab831/7ea78a8a-8eb9-11ee-a2db-3ed0b25e551d_26436135.jpg",
      "categories": [
        "DOMÁCNOST A ZAHRADA",
        "CIGARETY"
      ],
      "prices": [
        {
          "store_name": "Albert",
          "price": 154.0,
          "original_price": null,
          "unit_price": 154.0,
          "unit": "ks",
          "package_size": "‪1‬ kus",
          "condition": "18+"
        }
      ],
      "description": null
    },
    {
      "name": "Gambrinus Originál 10 světlé výčepní",
      "brand": "Gambrinus",
      "product_url": "https://wolt.com/cs/cze/prague/venue/albert-vinohradska/gambrinus-original-10-svetle-vycepni-itemid-64ca0b7cba162577de4891e4",
      "image_url": "https://imageproxy.wolt.com/menu/menu-images/63ad795db242366d1f818f36/2a29e0b8-0608-11ef-a499-16d21d607294_20959173.jpg",
      "categories": [
        "NÁPOJE",
        "PIVA"
      ],
      "prices": [
        {
          "store_name": "Albert",
          "price": 22.9,
          "original_price": null,
          "unit_price": 45.8,
          "unit": "l",
          "package_size": "500 ml, 4,3% alc",
          "condition": "18+"
        }
      ],
      "description": null
    },
    {
      "name": "Korunní Limeta a máta jemně perlivá",
      "brand": "Korunní",
      "product_url": "https://wolt.com/cs/cze/prague/venue/albert-vinohradska/korunni-limeta-a-mata-jemne-perliva-itemid-64ca0b7cba162577de4883e5",
      "image_url": "https://imageproxy.wolt.com/menu/menu-images/64ffec4406cca0140dfab831/55cbfa2e-8eb9-11ee-a6e4-3a1814765055_26408194.jpg",
      "categories": [
        "NÁPOJE",
        "VODY A MINERÁLKY"
      ],
      "prices": [
        {
          "store_name": "Albert",
          "price": 14.9,
          "original_price": null,
          "unit_price": 9.93,
          "unit": "l",
          "package_size": "1,5 l",
          "condition": null
        }
      ],
      "description": null
    },
    {
      "name": "Mistrovský koláč s mákem",
      "brand": "Mistrovský",
      "product_url": "https://wolt.com/cs/cze/prague/venue/albert-vinohradska/mistrovsky-kolac-s-makem-itemid-681b5abffcbd67bf7a8f4b5d",
      "image_url": "https://imageproxy.wolt.com/menu/menu-images/63ad795db242366d1f818f36/0ce2b35c-2b48-11f0-8e26-ba04dab492bf_27985441.jpg",
      "categories": [
        "PEKÁRNA A CUKRÁRNA",
        "SLADKÉ PEČIVO VOLNÉ"
      ],
      "prices": [
        {
          "store_name": "Albert",
          "price": 19.9,
          "original_price": null,
          "unit_price": 248.75,
          "unit": "Kg",
          "package_size": "80 g",
          "condition": null
        }
      ],
      "description": null
    },
    {
      "name": "Day Up Dezert s proteinem Ananas, banán, mango",
      "brand": "Day Up",
      "product_url": "https://wolt.com/cs/cze/prague/venue/albert-vinohradska/day-up-dezert-s-proteinem-ananas-banan-mango-itemid-681b5abffcbd67bf7a8f4a14",
      "image_url": "https://imageproxy.wolt.com/menu/menu-images/63ad795db242366d1f818f36/93fb3eb4-2b47-11f0-b485-06428b1fb390_27922293.jpg",
      "categories": [
        "MLÉČNÉ A CHLAZENÉ",
        "JOGURTY A DEZERTY"
      ],
      "prices": [
        {
          "store_name": "Albert",
          "price": null,
          "original_price": null,
          "unit_price": 259.0,
          "unit": "Kg",
          "package_size": "100 g",
          "condition": "Sleva"
        }
      ],
      "description": null
    },
    {
      "name": "Bref Power Aktiv Lemon tuhý WC blok",
      "brand": "Bref",
      "product_url": "https://wolt.com/cs/cze/prague/venue/albert-vinohradska/bref-power-aktiv-lemon-tuhy-wc-blok-itemid-64ca0b7cba162577de489249",
      "image_url": "https://imageproxy.wolt.com/menu/menu-images/63ad795db242366d1f818f36/5585cd3a-765b-11ef-8744-028b0ead31fe_25629774.jpg",
      "categories": [
        "DROGERIE A KOSMETIKA",
        "ČISTÍCÍ PROSTŘEDKY"
      ],
      "prices": [
        {
          "store_name": "Albert",
          "price": 64.9,
          "original_price": null,
          "unit_price": 432.67,
          "unit": "Kg",
          "package_size": "150 g",
          "condition": null
        }
      ],
      "description": null
    },
    {
      "name": "Gustona Zelí červené ve sladkokyselém nálevu",
      "brand": "Gustona",
      "product_url": "https://wolt.com/cs/cze/prague/venue/albert-vinohradska/gustona-zeli-cervene-ve-sladkokyselem-nalevu-itemid-64ca0b7cba162577de488beb",
      "image_url": "https://imageproxy.wolt.com/menu/menu-images/63ad795db242366d1f818f36/4ed2add6-c471-11f0-ab3a-ca29218ebfe2_25833348.jpg",
      "categories": [
        "TRVANLIVÉ",
        "KONZERVOVANÉ POTR."
      ],
      "prices": [
        {
          "store_name": "Albert",
          "price": 31.9,
          "original_price": null,
          "unit_price": 93.82,
          "unit": "Kg",
          "package_size": "340 g",
          "condition": null
        }
      ],
      "description": null
    },
    {
      "name": "Algida Smile Čokoláda",
      "brand": "Algida",
      "product_url": "https://wolt.com/cs/cze/prague/venue/albert-vinohradska/algida-smile-cokolada-itemid-6876153a0c6218e9f3e5f496",
      "image_url": "https://imageproxy.wolt.com/menu/menu-images/64b62ec5e5ab70cdc92e30f0/378c1dde-616f-11f0-befa-4e92ee44ffbc_27857076.jpg",
      "categories": [
        "MRAŽENÉ POTRAVINY",
        "ZMRZLINA A NANUKY"
      ],
      "prices": [
        {
          "store_name": "Albert",
          "price": 97.3,
          "original_price": null,
          "unit_price": 212.45,
          "unit": "Kg",
          "package_size": "458 g",
          "condition": null
        }
      ],
      "description": null
    },
    {
      "name": "Perla Bio Oolong čaj sypaný",
      "brand": "Perla",
      "product_url": "https://wolt.com/cs/cze/prague/venue/albert-vinohradska/perla-bio-oolong-caj-sypany-itemid-651c87572f1068ef3a419570",
      "image_url": "https://imageproxy.wolt.com/menu/menu-images/64ffec4406cca0140dfab831/e3efe0ac-8eca-11ee-bb96-9ed69e6fc87d_27791202.jpg",
      "categories": [
        "NÁPOJE",
        "KÁVA A ČAJ"
      ],
      "prices": [
        {
          "store_name": "Albert",
          "price": 67.9,
          "original_price": null,
          "unit_price": 970.0,
          "unit": "Kg",
          "package_size": "70 g",
          "condition": null
        }
      ],
      "description": null
    },
    {
      "name": "RUF Vanilínový cukr",
      "brand": "RUF",
      "product_url": "https://wolt.com/cs/cze/prague/venue/albert-vinohradska/ruf-vanilinovy-cukr-itemid-64ca0b7cba162577de489b9c",
      "image_url": "https://imageproxy.wolt.com/menu/menu-images/64ffec4406cca0140dfab831/00589b7c-8eb6-11ee-8650-2e13ed999a8b_25675320.jpg",
      "categories": [
        "TRVANLIVÉ",
        "PEČENÍ A VAŘENÍ"
      ],
      "prices": [
        {
          "store_name": "Albert",
          "price": 17.9,
          "original_price": null,
          "unit_price": 223.75,
          "unit": "Kg",
          "package_size": "80 g",
          "condition": null
        }
      ],
      "description": null
    },
    {
      "name": "Pampers Premium pleny velikost 2",
      "brand": "Pampers",
      "product_url": "https://wolt.com/cs/cze/prague/venue/albert-vinohradska/pampers-premium-pleny-velikost-2-itemid-64ca0b7cba162577de489d39",
      "image_url": "https://imageproxy.wolt.com/menu/menu-images/63ad795db242366d1f818f36/709fa382-9796-11ef-bf51-ea4ebf169c26_24962049.jpg",
      "categories": [
        "DÍTĚ",
        "PLENY A PODLOŽKY"
      ],
      "prices": [
        {
          "store_name": "Albert",
          "price": null,
          "original_price": null,
          "unit_price": 5.13,
          "unit": "ks",
          "package_size": "‪68‬ kusů",
          "condition": "Sleva"
        }
      ],
      "description": null
    },
    {
      "name": "Hellmann's Kečup jemný",
      "brand": "Hellmann's",
      "product_url": "https://wolt.com/cs/cze/prague/venue/albert-vinohradska/hellmann-s-kecup-jemny-itemid-657233256818b938df94786c",
      "image_url": "https://imageproxy.wolt.com/menu/menu-images/64ffec4406cca0140dfab831/1d9767f0-8ebf-11ee-83e2-aef8df37f9e5_27091197.jpg",
      "categories": [
        "TRVANLIVÉ",
        "KEČUPY A HOŘČICE"
      ],
      "prices": [
        {
          "store_name": "Albert",
          "price": 128.9,
          "original_price": null,
          "unit_price": 153.45,
          "unit": "Kg",
          "package_size": "840 g",
          "condition": null
        }
      ],
      "description": null
    },
    {
      "name": "Kofola Original",
      "brand": "Kofola",
      "product_url": "https://wolt.com/cs/cze/prague/venue/albert-vinohradska/kofola-original-itemid-657233256818b938df948818",
      "image_url": "https://imageproxy.wolt.com/menu/menu-images/63ad795db242366d1f818f36/b5310a1a-5efa-11ef-a46a-1e30fc92fa1e_25438413.jpg",
      "categories": [
        "NÁPOJE",
        "LIMONÁDY"
      ],
      "prices": [
        {
          "store_name": "Albert",
          "price": 36.9,
          "original_price": null,
          "unit_price": 24.6,
          "unit": "l",
          "package_size": "1,5 l",
          "condition": null
        }
      ],
      "description": null
    },
    {
      "name": "Zlomek&Vávra &Secco Rosé",
      "brand": "Zlomek&Vávra",
      "product_url": "https://wolt.com/cs/cze/prague/venue/albert-vinohradska/zlomek-vavra-secco-rose-itemid-657233256818b938df9482e7",
      "image_url": "https://imageproxy.wolt.com/menu/menu-images/64ffec4406cca0140dfab831/73845a24-8ec9-11ee-851e-2e2fd9c09968_27749302.jpg",
      "categories": [
        "NÁPOJE",
        "VÍNA"
      ],
      "prices": [
        {
          "store_name": "Albert",
          "price": 49.9,
          "original_price": null,
          "unit_price": 199.6,
          "unit": "l",
          "package_size": "250 ml, 11% alc",
          "condition": "18+"
        }
      ],
      "description": null
    },
    {
      "name": "Carte d´Or NY Cheesecake",
      "brand": "Carte",
      "product_url": "https://wolt.com/cs/cze/prague/venue/albert-vinohradska/carte-dor-ny-cheesecake-itemid-6876153a0c6218e9f3e5f495",
      "image_url": "https://imageproxy.wolt.com/menu/menu-images/64b62ec5e5ab70cdc92e30f0/31bcef82-616f-11f0-81db-b6299e47dc92_27857069.jpg",
      "categories": [
        "MRAŽENÉ POTRAVINY",
        "ZMRZLINA A NANUKY"
      ],
      "prices": [
        {
          "store_name": "Albert",
          "price": 99.9,
          "original_price": null,
          "unit_price": 121.09,
          "unit": "l",
          "package_size": "825 ml",
          "condition": null
        }
      ],
      "description": null
    },
    {
      "name": "Savo Čistící sprej Kuchyně",
      "brand": "Savo",
      "product_url": "https://wolt.com/cs/cze/prague/venue/albert-vinohradska/savo-cistici-sprej-kuchyne-itemid-64ca0b7cba162577de4894bf",
      "image_url": "https://imageproxy.wolt.com/menu/menu-images/64ffec4406cca0140dfab831/9be63188-8eae-11ee-a505-0aa88a212956_22596949.jpg",
      "categories": [
        "DROGERIE A KOSMETIKA",
        "ČISTÍCÍ PROSTŘEDKY"
      ],
      "prices": [
        {
          "store_name": "Albert",
          "price": null,
          "original_price": null,
          "unit_price": 139.8,
          "unit": "l",
          "package_size": "500 ml",
          "condition": "Sleva"
        }
      ],
      "description": null
    },
    {
      "name": "Mucha Sekt Demi sec",
      "brand": "Mucha",
      "product_url": "https://wolt.com/cs/cze/prague/venue/albert-vinohradska/mucha-sekt-demi-sec-itemid-64ca0b7cba162577de488a11",
      "image_url": "https://imageproxy.wolt.com/menu/menu-images/64ffec4406cca0140dfab831/be5173b2-8eb9-11ee-a8b9-c64f1deb8de2_26481081.jpg",
      "categories": [
        "NÁPOJE",
        "VÍNA"
      ],
      "prices": [
        {
          "store_name": "Albert",
          "price": 184.0,
          "original_price": null,
          "unit_price": 245.33,
          "unit": "l",
          "package_size": "750 ml, 11% alc",
          "condition": "18+"
        }
      ],
      "description": null
    },
    {
      "name": "Albert Hrách žlutý",
      "brand": "Albert",
      "product_url": "https://wolt.com/cs/cze/prague/venue/albert-vinohradska/albert-hrach-zluty-itemid-64ca0b7cba162577de488607",
      "image_url": "https://imageproxy.wolt.com/menu/menu-images/64ffec4406cca0140dfab831/2abbb0a6-8ec1-11ee-8c25-3a9a41c1cb36_27219461.jpg",
      "categories": [
        "TRVANLIVÉ",
        "RÝŽE A LUŠTENINY"
      ],
      "prices": [
        {
          "store_name": "Albert",
          "price": 16.9,
          "original_price": null,
          "unit_price": 33.8,
          "unit": "Kg",
          "package_size": "500 g",
          "condition": null
        }
      ],
      "description": null
    },
    {
      "name": "R. Jelínek slivovice tříletá 45%",
      "brand": "R",
      "product_url": "https://wolt.com/cs/cze/prague/venue/albert-vinohradska/r-jelinek-slivovice-trileta-45-itemid-64ca0b7cba162577de489f22",
      "image_url": "https://imageproxy.wolt.com/menu/menu-images/64ffec4406cca0140dfab831/1162a078-8eae-11ee-a476-fe16b6783abc_21696060.jpg",
      "categories": [
        "NÁPOJE",
        "LIHOVINY"
      ],
      "prices": [
        {
          "store_name": "Albert",
          "price": 429.0,
          "original_price": null,
          "unit_price": 858.0,
          "unit": "l",
          "package_size": "500 ml, 45% alc",
          "condition": "18+"
        }
      ],
      "description": null
    },
    {
      "name": "Gouda 48% plátky  plátky",
      "brand": "Gouda",
      "product_url": "https://wolt.com/cs/cze/prague/venue/albert-vinohradska/gouda-48-platky-platky-itemid-64ca0b7cba162577de489298",
      "image_url": "https://imageproxy.wolt.com/menu/menu-images/64ffec4406cca0140dfab831/f4efeea0-8ebc-11ee-9ac1-5eb9bb96d91f_26890562.jpg",
      "categories": [
        "MLÉČNÉ A CHLAZENÉ",
        "SÝRY"
      ],
      "prices": [
        {
          "store_name": "Albert",
          "price": null,
          "original_price": null,
          "unit_price": 179.8,
          "unit": "Kg",
          "package_size": "500 g",
          "condition": "Sleva"
        }
      ],
      "description": null
    },
    {
      "name": "Palmolive Naturals Sensitive sprchový gel",
      "brand": "Palmolive",
      "product_url": "https://wolt.com/cs/cze/prague/venue/albert-vinohradska/palmolive-naturals-sensitive-sprchovy-gel-itemid-64ca0b7cba162577de489dd9",
      "image_url": "https://imageproxy.wolt.com/menu/menu-images/63ad795db242366d1f818f36/36492b76-1c04-11ef-bbae-ba42a4eb95e0_21986741.jpg",
      "categories": [
        "DROGERIE A KOSMETIKA",
        "MÝDLA A GELY"
      ],
      "prices": [
        {
          "store_name": "Albert",
          "price": null,
          "original_price": null,
          "unit_price": 199.6,
          "unit": "l",
          "package_size": "250 ml",
          "condition": "Sleva"
        }
      ],
      "description": null
    },
    {
      "name": "Kitbis Bonbony mořští tvorové",
      "brand": "Kitbis",
      "product_url": "https://wolt.com/cs/cze/prague/venue/albert-vinohradska/kitbis-bonbony-morsti-tvorove-itemid-64ca0b7cba162577de489648",
      "image_url": "https://imageproxy.wolt.com/menu/menu-images/64ffec4406cca0140dfab831/a990f912-8eb3-11ee-a6c6-9e446d541704_25093896.jpg",
      "categories": [
        "TRVANLIVÉ",
        "SLADKOSTI"
      ],
      "prices": [
        {
          "store_name": "Albert",
          "price": 14.9,
          "original_price": null,
          "unit_price": 149.0,
          "unit": "Kg",
          "package_size": "100 g",
          "condition": null
        }
      ],
      "description": null
    },
    {
      "name": "Fresh Bistro Polévka tomatová s italským sýrem",
      "brand": "Fresh Bistro",
      "product_url": "https://wolt.com/cs/cze/prague/venue/albert-vinohradska/fresh-bistro-polevka-tomatova-s-italskym-syrem-itemid-64ca0b7cba162577de488a2d",
      "image_url": "https://imageproxy.wolt.com/menu/menu-images/64ffec4406cca0140dfab831/5c3349a8-8ebe-11ee-8a33-aa877d47d6e0_27026694.jpg",
      "categories": [
        "UZENINY A LAHŮDKY",
        "HOTOVKY A PŘÍLOHY"
      ],
      "prices": [
        {
          "store_name": "Albert",
          "price": 56.9,
          "original_price": null,
          "unit_price": 142.25,
          "unit": "Kg",
          "package_size": "400 g",
          "condition": null
        }
      ],
      "description": null
    },
    {
      "name": "Le & Co Oravská slanina",
      "brand": "Le & Co",
      "product_url": "https://wolt.com/cs/cze/prague/venue/albert-vinohradska/le-co-oravska-slanina-itemid-64ca0b7cba162577de489634",
      "image_url": "https://imageproxy.wolt.com/menu/menu-images/63ad795db242366d1f818f36/2e0157a0-d671-11ee-87bf-06a43c8f26c8_25964592.jpg",
      "categories": [
        "UZENINY A LAHŮDKY",
        "ŠUNKY A SLANINY"
      ],
      "prices": [
        {
          "store_name": "Albert",
          "price": 68.9,
          "original_price": null,
          "unit_price": 344.5,
          "unit": "Kg",
          "package_size": "200 g",
          "condition": null
        }
      ],
      "description": null
    },
    {
      "name": "Milka Oreo Sandwich Čokoláda mléčná a sušenky",
      "brand": "Milka",
      "product_url": "https://wolt.com/cs/cze/prague/venue/albert-vinohradska/milka-oreo-sandwich-cokolada-mlecna-a-susenky-itemid-657233256818b938df9478c0",
      "image_url": "https://imageproxy.wolt.com/menu/menu-images/63ad795db242366d1f818f36/eb279c62-f8ef-11ef-ac3f-626bcbac0873_26908359.jpg",
      "categories": [
        "TRVANLIVÉ",
        "SLADKOSTI"
      ],
      "prices": [
        {
          "store_name": "Albert",
          "price": null,
          "original_price": null,
          "unit_price": 325.0,
          "unit": "Kg",
          "package_size": "92 g",
          "condition": "Sleva"
        }
      ],
      "description": null
    },
    {
      "name": "Milko High Protein super jogurt jahoda",
      "brand": "Milko",
      "product_url": "https://wolt.com/cs/cze/prague/venue/albert-vinohradska/milko-high-protein-super-jogurt-jahoda-itemid-66022847135029c37109cee7",
      "image_url": "https://imageproxy.wolt.com/menu/menu-images/63ad795db242366d1f818f36/62bd17fa-2b47-11f0-b85b-1e4f01b2dfc5_27843505.jpg",
      "categories": [
        "MLÉČNÉ A CHLAZENÉ",
        "JOGURTY A DEZERTY"
      ],
      "prices": [
        {
          "store_name": "Albert",
          "price": 21.9,
          "original_price": null,
          "unit_price": 146.0,
          "unit": "Kg",
          "package_size": "150 g",
          "condition": null
        }
      ],
      "description": null
    },
    {
      "name": "Artesie Perlivá voda pomeranč",
      "brand": "Artesie",
      "product_url": "https://wolt.com/cs/cze/prague/venue/albert-vinohradska/artesie-perliva-voda-pomeranc-itemid-64ca0b7cba162577de488179",
      "image_url": "https://imageproxy.wolt.com/menu/menu-images/63ad795db242366d1f818f36/3a630c16-7826-11f0-a568-964befaac267_26431635.jpg",
      "categories": [
        "NÁPOJE",
        "VODY A MINERÁLKY"
      ],
      "prices": [
        {
          "store_name": "Albert",
          "price": 10.9,
          "original_price": null,
          "unit_price": 7.27,
          "unit": "l",
          "package_size": "1,5 l",
          "condition": null
        }
      ],
      "description": null
    },
    {
      "name": "Colgate Cavity Protection zubní pasta",
      "brand": "Colgate",
      "product_url": "https://wolt.com/cs/cze/prague/venue/albert-vinohradska/colgate-cavity-protection-zubni-pasta-itemid-651c87316194eec4b426091a",
      "image_url": "https://imageproxy.wolt.com/menu/menu-images/64ffec4406cca0140dfab831/eaeec324-8ec9-11ee-bc9e-0294722b0773_27765463.jpg",
      "categories": [
        "DROGERIE A KOSMETIKA",
        "ÚSTNÍ HYGIENA"
      ],
      "prices": [
        {
          "store_name": "Albert",
          "price": 34.9,
          "original_price": null,
          "unit_price": 465.33,
          "unit": "l",
          "package_size": "75 ml",
          "condition": null
        }
      ],
      "description": null
    },
    {
      "name": "Nature's Promise Bio Baby Pyré jablko a jahoda",
      "brand": "Nature's Promise",
      "product_url": "https://wolt.com/cs/cze/prague/venue/albert-vinohradska/nature-s-promise-bio-baby-pyre-jablko-a-jahoda-itemid-657233256818b938df9486d8",
      "image_url": "https://imageproxy.wolt.com/menu/menu-images/64ffec4406cca0140dfab831/09f8189c-8ec0-11ee-9f48-be2d1bdd5ebf_27155318.jpg",
      "categories": [
        "DÍTĚ",
        "VÝŽIVA"
      ],
      "prices": [
        {
          "store_name": "Albert",
          "price": 13.5,
          "original_price": null,
          "unit_price": 150.0,
          "unit": "Kg",
          "package_size": "90 g",
          "condition": null
        }
      ],
      "description": null
    },
    {
      "name": "Milka Mmax Noisette",
      "brand": "Milka",
      "product_url": "https://wolt.com/cs/cze/prague/venue/albert-vinohradska/milka-mmax-noisette-itemid-657233256818b938df9478c9",
      "image_url": "https://imageproxy.wolt.com/menu/menu-images/64ffec4406cca0140dfab831/5a06effe-8ec8-11ee-89c8-129c0471ef91_27715086.jpg",
      "categories": [
        "TRVANLIVÉ",
        "SLADKOSTI"
      ],
      "prices": [
        {
          "store_name": "Albert",
          "price": 109.9,
          "original_price": null,
          "unit_price": 439.6,
          "unit": "Kg",
          "package_size": "250 g",
          "condition": null
        }
      ],
      "description": null
    },
    {
      "name": "Hello Ovocná přesnídávka s jablky",
      "brand": "Hello",
      "product_url": "https://wolt.com/cs/cze/prague/venue/albert-vinohradska/hello-ovocna-presnidavka-s-jablky-itemid-64ca0b7cba162577de48862d",
      "image_url": "https://imageproxy.wolt.com/menu/menu-images/63ad795db242366d1f818f36/2ab28850-7826-11f0-8ad9-ce3a58662218_25820911.jpg",
      "categories": [
        "DÍTĚ",
        "VÝŽIVA"
      ],
      "prices": [
        {
          "store_name": "Albert",
          "price": 7.9,
          "original_price": null,
          "unit_price": 79.0,
          "unit": "Kg",
          "package_size": "100 g",
          "condition": null
        }
      ],
      "description": null
    },
    {
      "name": "Olma Pierot Smetanový jogurt jahoda",
      "brand": "Olma",
      "product_url": "https://wolt.com/cs/cze/prague/venue/albert-vinohradska/olma-pierot-smetanovy-jogurt-jahoda-itemid-64ca0b7cba162577de4891dc",
      "image_url": "https://imageproxy.wolt.com/menu/menu-images/64ffec4406cca0140dfab831/960a0fa4-8eaf-11ee-8166-0ad9bf6baf5b_23393912.jpg",
      "categories": [
        "MLÉČNÉ A CHLAZENÉ",
        "JOGURTY A DEZERTY"
      ],
      "prices": [
        {
          "store_name": "Albert",
          "price": 24.9,
          "original_price": null,
          "unit_price": 142.29,
          "unit": "Kg",
          "package_size": "175 g",
          "condition": null
        }
      ],
      "description": null
    },
    {
      "name": "Alpro Sójový dezert borůvka",
      "brand": "Alpro",
      "product_url": "https://wolt.com/cs/cze/prague/venue/albert-vinohradska/alpro-sojovy-dezert-boruvka-itemid-64ca0b7cba162577de48926b",
      "image_url": "https://imageproxy.wolt.com/menu/menu-images/64ffec4406cca0140dfab831/8991de06-8ebd-11ee-9c26-cae320ae1b7e_26950747.jpg",
      "categories": [
        "MLÉČNÉ A CHLAZENÉ",
        "ROSTLINNÉ PRODUKTY"
      ],
      "prices": [
        {
          "store_name": "Albert",
          "price": 29.9,
          "original_price": null,
          "unit_price": 199.33,
          "unit": "Kg",
          "package_size": "150 g",
          "condition": null
        }
      ],
      "description": null
    },
    {
      "name": "Activia Jogurt meruňka probiotický",
      "brand": "Activia",
      "product_url": "https://wolt.com/cs/cze/prague/venue/albert-vinohradska/activia-jogurt-merunka-probioticky-itemid-64ca0b7cba162577de4898f3",
      "image_url": "https://imageproxy.wolt.com/menu/menu-images/64ffec4406cca0140dfab831/08b3e762-8eb2-11ee-8aa1-e6fbf8d3c3b0_24643849.jpg",
      "categories": [
        "MLÉČNÉ A CHLAZENÉ",
        "JOGURTY A DEZERTY"
      ],
      "prices": [
        {
          "store_name": "Albert",
          "price": 19.9,
          "original_price": null,
          "unit_price": 165.83,
          "unit": "Kg",
          "package_size": "120 g",
          "condition": null
        }
      ],
      "description": null
    },
    {
      "name": "Arrashid Kešu pražené solené",
      "brand": "Arrashid",
      "product_url": "https://wolt.com/cs/cze/prague/venue/albert-vinohradska/arrashid-kesu-prazene-solene-itemid-64ca0b7cba162577de489e23",
      "image_url": "https://imageproxy.wolt.com/menu/menu-images/64ffec4406cca0140dfab831/33fac4b6-8eaf-11ee-b7d1-1ef82258dff4_23188723.jpg",
      "categories": [
        "TRVANLIVÉ",
        "SLANÉ"
      ],
      "prices": [
        {
          "store_name": "Albert",
          "price": 29.9,
          "original_price": null,
          "unit_price": 498.33,
          "unit": "Kg",
          "package_size": "60 g",
          "condition": null
        }
      ],
      "description": null
    },
    {
      "name": "Nature's Promise Bio Dream bylinný čaj",
      "brand": "Nature's Promise",
      "product_url": "https://wolt.com/cs/cze/prague/venue/albert-vinohradska/nature-s-promise-bio-dream-bylinny-caj-itemid-657233256818b938df9484cc",
      "image_url": "https://imageproxy.wolt.com/menu/menu-images/64ffec4406cca0140dfab831/565bd512-8ec9-11ee-a4c0-bea6474a380e_27747155.jpg",
      "categories": [
        "NÁPOJE",
        "KÁVA A ČAJ"
      ],
      "prices": [
        {
          "store_name": "Albert",
          "price": 46.9,
          "original_price": null,
          "unit_price": 1737.04,
          "unit": "Kg",
          "package_size": "27 g",
          "condition": null
        }
      ],
      "description": null
    },
    {
      "name": "Alpro Mandlový nápoj",
      "brand": "Alpro",
      "product_url": "https://wolt.com/cs/cze/prague/venue/albert-vinohradska/alpro-mandlovy-napoj-itemid-64ca0b7cba162577de488c8b",
      "image_url": "https://imageproxy.wolt.com/menu/menu-images/63ad795db242366d1f818f36/a054dd68-df7c-11ee-a6d4-f25817ad0cc8_25590241.jpg",
      "categories": [
        "MLÉČNÉ A CHLAZENÉ",
        "ROSTLINNÉ PRODUKTY"
      ],
      "prices": [
        {
          "store_name": "Albert",
          "price": 86.9,
          "original_price": null,
          "unit_price": 86.9,
          "unit": "l",
          "package_size": "1 l",
          "condition": null
        }
      ],
      "description": null
    },
    {
      "name": "Nature's Promise Eco Toaletní papír, 3vrstvý",
      "brand": "Nature's Promise",
      "product_url": "https://wolt.com/cs/cze/prague/venue/albert-vinohradska/nature-s-promise-eco-toaletni-papir-3vrstvy-itemid-651c840e343f6ade3bbe405e",
      "image_url": "https://imageproxy.wolt.com/menu/menu-images/63ad795db242366d1f818f36/1be22d3e-bbe4-11ef-84fb-4a00e9edd6fe_27534915.jpg",
      "categories": [
        "DROGERIE A KOSMETIKA",
        "PAPÍROVÁ HYGIENA"
      ],
      "prices": [
        {
          "store_name": "Albert",
          "price": null,
          "original_price": null,
          "unit_price": 0.33,
          "unit": "ks",
          "package_size": "‪152‬ kusů",
          "condition": "Sleva"
        }
      ],
      "description": null
    },
    {
      "name": "Solo Zapalovač jednorázový s pojistkou",
      "brand": "Solo",
      "product_url": "https://wolt.com/cs/cze/prague/venue/albert-vinohradska/solo-zapalovac-jednorazovy-s-pojistkou-itemid-64ca0b7cba162577de488de1",
      "image_url": "https://imageproxy.wolt.com/menu/menu-images/64ffec4406cca0140dfab831/2a6c76c8-8ebf-11ee-a394-2ea44b0f5f93_27095225.jpg",
      "categories": [
        "DOMÁCNOST A ZAHRADA",
        "KUCHYŇSKÉ POTŘEBY"
      ],
      "prices": [
        {
          "store_name": "Albert",
          "price": 15.9,
          "original_price": null,
          "unit_price": 15.9,
          "unit": "ks",
          "package_size": "‪1‬ kus",
          "condition": "Vyprodáno"
        }
      ],
      "description": null
    },
    {
      "name": "Vitana Muškátový květ",
      "brand": "Vitana",
      "product_url": "https://wolt.com/cs/cze/prague/venue/albert-vinohradska/vitana-muskatovy-kvet-itemid-64ca0b7cba162577de48997d",
      "image_url": "https://imageproxy.wolt.com/menu/menu-images/64ffec4406cca0140dfab831/e37f7674-8eba-11ee-a80a-c6aa6b123400_26692104.jpg",
      "categories": [
        "TRVANLIVÉ",
        "KOŘENÍ A OCHUCOVADLA"
      ],
      "prices": [
        {
          "store_name": "Albert",
          "price": 38.9,
          "original_price": null,
          "unit_price": 2992.31,
          "unit": "Kg",
          "package_size": "13 g",
          "condition": null
        }
      ],
      "description": null
    },
    {
      "name": "Penam Toustový chléb celozrnný, krájený",
      "brand": "Penam",
      "product_url": "https://wolt.com/cs/cze/prague/venue/albert-vinohradska/penam-toustovy-chleb-celozrnny-krajeny-itemid-64ca0b7cba162577de4894c2",
      "image_url": "https://imageproxy.wolt.com/menu/menu-images/64ffec4406cca0140dfab831/3ca2c2c6-8eb9-11ee-bf3c-feea992db910_26387130.jpg",
      "categories": [
        "PEKÁRNA A CUKRÁRNA",
        "CHLÉB BALENÝ"
      ],
      "prices": [
        {
          "store_name": "Albert",
          "price": 39.9,
          "original_price": null,
          "unit_price": 79.8,
          "unit": "Kg",
          "package_size": "500 g",
          "condition": null
        }
      ],
      "description": null
    },
    {
      "name": "Sunar Complax 3 batolecí mléko",
      "brand": "Sunar",
      "product_url": "https://wolt.com/cs/cze/prague/venue/albert-vinohradska/sunar-complax-3-batoleci-mleko-itemid-64ca0b7cba162577de488e45",
      "image_url": "https://imageproxy.wolt.com/menu/menu-images/63ad795db242366d1f818f36/8f2fd49a-765b-11ef-96be-9edbaf89c304_24160766.jpg",
      "categories": [
        "DÍTĚ",
        "VÝŽIVA"
      ],
      "prices": [
        {
          "store_name": "Albert",
          "price": 229.0,
          "original_price": null,
          "unit_price": 381.67,
          "unit": "Kg",
          "package_size": "600 g",
          "condition": null
        }
      ],
      "description": null
    },
    {
      "name": "Nature's Promise Bio Paprika sladká",
      "brand": "Nature's Promise",
      "product_url": "https://wolt.com/cs/cze/prague/venue/albert-vinohradska/nature-s-promise-bio-paprika-sladka-itemid-64ca0b7cba162577de488503",
      "image_url": "https://imageproxy.wolt.com/menu/menu-images/64ffec4406cca0140dfab831/f20c3094-8ebd-11ee-8c4e-fea1896da317_26977782.jpg",
      "categories": [
        "OVOCE A ZELENINA",
        "ZELENINA"
      ],
      "prices": [
        {
          "store_name": "Albert",
          "price": null,
          "original_price": null,
          "unit_price": 22.95,
          "unit": "ks",
          "package_size": "‪2‬ kusů",
          "condition": "Sleva"
        }
      ],
      "description": null
    },
    {
      "name": "Lotus Rýže jasmínová",
      "brand": "Lotus",
      "product_url": "https://wolt.com/cs/cze/prague/venue/albert-vinohradska/lotus-ryze-jasminova-itemid-651c84a955d56a59be1750a4",
      "image_url": "https://imageproxy.wolt.com/menu/menu-images/64ffec4406cca0140dfab831/24bb938e-8eca-11ee-852d-825754a1c0c0_27771204.jpg",
      "categories": [
        "TRVANLIVÉ",
        "RÝŽE A LUŠTENINY"
      ],
      "prices": [
        {
          "store_name": "Albert",
          "price": 79.9,
          "original_price": null,
          "unit_price": 39.95,
          "unit": "Kg",
          "package_size": "2 kg",
          "condition": null
        }
      ],
      "description": null
    },
    {
      "name": "Rice Up Rýžové chipsy Kečup bez lepku",
      "brand": "Rice Up",
      "product_url": "https://wolt.com/cs/cze/prague/venue/albert-vinohradska/rice-up-ryzove-chipsy-kecup-bez-lepku-itemid-64ca0b7cba162577de488959",
      "image_url": "https://imageproxy.wolt.com/menu/menu-images/64ffec4406cca0140dfab831/4504b6c4-8ec1-11ee-8748-a6a3ffeff3c6_27232200.jpg",
      "categories": [
        "TRVANLIVÉ",
        "SLANÉ"
      ],
      "prices": [
        {
          "store_name": "Albert",
          "price": 29.9,
          "original_price": null,
          "unit_price": 498.33,
          "unit": "Kg",
          "package_size": "60 g",
          "condition": null
        }
      ],
      "description": null
    },
    {
      "name": "Hamánek Ovocná přenídávka švestka a jablko",
      "brand": "Hamánek",
      "product_url": "https://wolt.com/cs/cze/prague/venue/albert-vinohradska/hamanek-ovocna-prenidavka-svestka-a-jablko-itemid-657233256818b938df947c92",
      "image_url": "https://imageproxy.wolt.com/menu/menu-images/64ffec4406cca0140dfab831/e4ff0084-8ec2-11ee-b7ff-6e0f65c8f049_27332450.jpg",
      "categories": [
        "DÍTĚ",
        "VÝŽIVA"
      ],
      "prices": [
        {
          "store_name": "Albert",
          "price": 14.9,
          "original_price": null,
          "unit_price": 149.0,
          "unit": "Kg",
          "package_size": "100 g",
          "condition": "Vyprodáno"
        }
      ],
      "description": null
    },
    {
      "name": "Sanytol Dezinfekce sprej čistič kuchyně",
      "brand": "Sanytol",
      "product_url": "https://wolt.com/cs/cze/prague/venue/albert-vinohradska/sanytol-dezinfekce-sprej-cistic-kuchyne-itemid-64ca0b7cba162577de488def",
      "image_url": "https://imageproxy.wolt.com/menu/menu-images/64ffec4406cca0140dfab831/9cfe7cf2-8eb2-11ee-88be-224a9e8cb6c6_24843799.jpg",
      "categories": [
        "DROGERIE A KOSMETIKA",
        "ČISTÍCÍ PROSTŘEDKY"
      ],
      "prices": [
        {
          "store_name": "Albert",
          "price": 89.9,
          "original_price": null,
          "unit_price": 179.8,
          "unit": "l",
          "package_size": "500 ml",
          "condition": null
        }
      ],
      "description": null
    },
    {
      "name": "Emco Mysli na zdraví ovesné sušenky borůvkové",
      "brand": "Emco",
      "product_url": "https://wolt.com/cs/cze/prague/venue/albert-vinohradska/emco-mysli-na-zdravi-ovesne-susenky-boruvkove-itemid-6601e436dc1d7ef51ff3d2a0",
      "image_url": "https://imageproxy.wolt.com/menu/menu-images/63ad795db242366d1f818f36/3820d38c-0b7d-11ef-87a2-b6de52a6790b_24016322.jpg",
      "categories": [
        "TRVANLIVÉ",
        "MÜSLI A CEREÁLIE"
      ],
      "prices": [
        {
          "store_name": "Albert",
          "price": 14.9,
          "original_price": null,
          "unit_price": 248.33,
          "unit": "Kg",
          "package_size": "60 g",
          "condition": null
        }
      ],
      "description": null
    },
    {
      "name": "Vitana Oregano",
      "brand": "Vitana",
      "product_url": "https://wolt.com/cs/cze/prague/venue/albert-vinohradska/vitana-oregano-itemid-64ca0b7cba162577de489541",
      "image_url": "https://imageproxy.wolt.com/menu/menu-images/64ffec4406cca0140dfab831/d493e410-8eba-11ee-9cd3-2672547c66c2_26685137.jpg",
      "categories": [
        "TRVANLIVÉ",
        "KOŘENÍ A OCHUCOVADLA"
      ],
      "prices": [
        {
          "store_name": "Albert",
          "price": 19.9,
          "original_price": null,
          "unit_price": 2487.5,
          "unit": "Kg",
          "package_size": "8 g",
          "condition": null
        }
      ],
      "description": null
    },
    {
      "name": "Česká chuť Mouka hladká pšeničná",
      "brand": "Česká chuť",
      "product_url": "https://wolt.com/cs/cze/prague/venue/albert-vinohradska/ceska-chut-mouka-hladka-psenicna-itemid-64ca0b7cba162577de489542",
      "image_url": "https://imageproxy.wolt.com/menu/menu-images/64ffec4406cca0140dfab831/87378db0-8ebb-11ee-9ab3-3a1814765055_26778488.jpg",
      "categories": [
        "TRVANLIVÉ",
        "PEČENÍ A VAŘENÍ"
      ],
      "prices": [
        {
          "store_name": "Albert",
          "price": 27.9,
          "original_price": null,
          "unit_price": 27.9,
          "unit": "Kg",
          "package_size": "1 kg",
          "condition": null
        }
      ],
      "description": null
    },
    {
      "name": "STR8 Red Code Deodorant sprej",
      "brand": "STR8",
      "product_url": "https://wolt.com/cs/cze/prague/venue/albert-vinohradska/str8-red-code-deodorant-sprej-itemid-64ca0b7cba162577de48a23b",
      "image_url": "https://imageproxy.wolt.com/menu/menu-images/64ffec4406cca0140dfab831/09be2ab6-8ebf-11ee-9cdf-2ea44b0f5f93_27086520.jpg",
      "categories": [
        "DROGERIE A KOSMETIKA",
        "DEODORANTY"
      ],
      "prices": [
        {
          "store_name": "Albert",
          "price": 76.9,
          "original_price": null,
          "unit_price": 512.67,
          "unit": "l",
          "package_size": "150 ml",
          "condition": null
        }
      ],
      "description": null
    },
    {
      "name": "Rio Mare Insalatissime Tuňák s rýží a zeleninou",
      "brand": "Rio Mare",
      "product_url": "https://wolt.com/cs/cze/prague/venue/albert-vinohradska/rio-mare-insalatissime-tunak-s-ryzi-a-zeleninou-itemid-657233256818b938df947a69",
      "image_url": "https://imageproxy.wolt.com/menu/menu-images/63ad795db242366d1f818f36/574d4610-4e4d-11ef-8b87-7ed7b71a5954_26818795.jpg",
      "categories": [
        "TRVANLIVÉ",
        "KONZERVOVANÉ POTR."
      ],
      "prices": [
        {
          "store_name": "Albert",
          "price": 99.9,
          "original_price": null,
          "unit_price": 624.38,
          "unit": "Kg",
          "package_size": "160 g",
          "condition": null
        }
      ],
      "description": null
    },
    {
      "name": "Old Porter Červené víno",
      "brand": "Old",
      "product_url": "https://wolt.com/cs/cze/prague/venue/albert-vinohradska/old-porter-cervene-vino-itemid-64ca0b7cba162577de489414",
      "image_url": "https://imageproxy.wolt.com/menu/menu-images/64ffec4406cca0140dfab831/8f43e0da-8eb1-11ee-b24e-2a789dffa3ae_24412551.jpg",
      "categories": [
        "NÁPOJE",
        "VÍNA"
      ],
      "prices": [
        {
          "store_name": "Albert",
          "price": 199.0,
          "original_price": null,
          "unit_price": 265.33,
          "unit": "l",
          "package_size": "750 ml, 13% alc",
          "condition": "18+"
        }
      ],
      "description": null
    },
    {
      "name": "Česká chuť Vysočina",
      "brand": "Česká chuť",
      "product_url": "https://wolt.com/cs/cze/prague/venue/albert-vinohradska/ceska-chut-vysocina-itemid-657233256818b938df94782b",
      "image_url": "https://imageproxy.wolt.com/menu/menu-images/64ffec4406cca0140dfab831/1eb997d8-8ec5-11ee-bec0-5e8cfe3fa30b_27520895.jpg",
      "categories": [
        "UZENINY A LAHŮDKY",
        "SALÁMY"
      ],
      "prices": [
        {
          "store_name": "Albert",
          "price": 43.9,
          "original_price": null,
          "unit_price": 292.67,
          "unit": "Kg",
          "package_size": "150 g",
          "condition": null
        }
      ],
      "description": null
    },
    {
      "name": "Albert Toustový chléb světlý, krájený",
      "brand": "Albert",
      "product_url": "https://wolt.com/cs/cze/prague/venue/albert-vinohradska/albert-toustovy-chleb-svetly-krajeny-itemid-64ca0b7cba162577de4881f7",
      "image_url": "https://imageproxy.wolt.com/menu/menu-images/64ffec4406cca0140dfab831/925d7376-8eb1-11ee-a244-1627932f216d_24413763.jpg",
      "categories": [
        "PEKÁRNA A CUKRÁRNA",
        "CHLÉB BALENÝ"
      ],
      "prices": [
        {
          "store_name": "Albert",
          "price": 29.9,
          "original_price": null,
          "unit_price": 59.8,
          "unit": "Kg",
          "package_size": "500 g",
          "condition": null
        }
      ],
      "description": null
    },
    {
      "name": "Cappy Multivitamin",
      "brand": "Cappy",
      "product_url": "https://wolt.com/cs/cze/prague/venue/albert-vinohradska/cappy-multivitamin-itemid-657233256818b938df948a70",
      "image_url": "https://imageproxy.wolt.com/menu/menu-images/64ffec4406cca0140dfab831/1064ebfa-8eb7-11ee-87f3-faf7ab9749a2_25881677.jpg",
      "categories": [
        "NÁPOJE",
        "DŽUSY A NEKTARY"
      ],
      "prices": [
        {
          "store_name": "Albert",
          "price": 39.9,
          "original_price": null,
          "unit_price": 39.9,
          "unit": "l",
          "package_size": "1 l",
          "condition": null
        }
      ],
      "description": null
    },
    {
      "name": "Kuřecí žaludky",
      "brand": null,
      "product_url": "https://wolt.com/cs/cze/prague/venue/albert-vinohradska/kureci-zaludky-itemid-64ca0b7cba162577de4888bf",
      "image_url": "https://imageproxy.wolt.com/menu/menu-images/64ffec4406cca0140dfab831/f8b60636-8ec2-11ee-8799-9a1f6ae41663_27341544.jpg",
      "categories": [
        "MASO A RYBY",
        "DRŮBEŽ"
      ],
      "prices": [
        {
          "store_name": "Albert",
          "price": 39.9,
          "original_price": null,
          "unit_price": 99.75,
          "unit": "Kg",
          "package_size": "400 g",
          "condition": null
        }
      ],
      "description": null
    },
    {
      "name": "Víno Motýl Müller Thurgau",
      "brand": "Víno",
      "product_url": "https://wolt.com/cs/cze/prague/venue/albert-vinohradska/vino-motyl-muller-thurgau-itemid-64ca0b7cba162577de489c7d",
      "image_url": "https://imageproxy.wolt.com/menu/menu-images/64ffec4406cca0140dfab831/2d17e8ce-8ead-11ee-ae85-66832535a71f_20684020.jpg",
      "categories": [
        "NÁPOJE",
        "VÍNA"
      ],
      "prices": [
        {
          "store_name": "Albert",
          "price": null,
          "original_price": null,
          "unit_price": 93.2,
          "unit": "l",
          "package_size": "750 ml, 12,5% alc",
          "condition": "Sleva, 18+"
        }
      ],
      "description": null
    },
    {
      "name": "Becherovka Original bylinný likér 38%",
      "brand": "Becherovka",
      "product_url": "https://wolt.com/cs/cze/prague/venue/albert-vinohradska/becherovka-original-bylinny-liker-38-itemid-657233256818b938df94859a",
      "image_url": "https://imageproxy.wolt.com/menu/menu-images/64ffec4406cca0140dfab831/3425bf2e-8eb7-11ee-bd8e-06c7de8dd7bf_25909814.jpg",
      "categories": [
        "NÁPOJE",
        "LIHOVINY"
      ],
      "prices": [
        {
          "store_name": "Albert",
          "price": 189.0,
          "original_price": null,
          "unit_price": 540.0,
          "unit": "l",
          "package_size": "350 ml, 38% alc",
          "condition": "18+"
        }
      ],
      "description": null
    },
    {
      "name": "Albert Bramborový knedlík směs na přípravu",
      "brand": "Albert",
      "product_url": "https://wolt.com/cs/cze/prague/venue/albert-vinohradska/albert-bramborovy-knedlik-smes-na-pripravu-itemid-64ca0b7cba162577de489034",
      "image_url": "https://imageproxy.wolt.com/menu/menu-images/64ffec4406cca0140dfab831/72fc5ae4-8eaf-11ee-9d48-9a472ccb949a_23320727.jpg",
      "categories": [
        "TRVANLIVÉ",
        "PEČENÍ A VAŘENÍ"
      ],
      "prices": [
        {
          "store_name": "Albert",
          "price": 29.9,
          "original_price": null,
          "unit_price": 74.75,
          "unit": "Kg",
          "package_size": "400 g",
          "condition": null
        }
      ],
      "description": null
    },
    {
      "name": "Albert Zakysaná smetana 15%",
      "brand": "Albert",
      "product_url": "https://wolt.com/cs/cze/prague/venue/albert-vinohradska/albert-zakysana-smetana-15-itemid-64ca0b7cba162577de48831f",
      "image_url": "https://imageproxy.wolt.com/menu/menu-images/64ffec4406cca0140dfab831/6abaa7b2-8ec0-11ee-85c5-2ef6707f48ec_27171608.jpg",
      "categories": [
        "MLÉČNÉ A CHLAZENÉ",
        "SMETANY A ŠLEHAČKY"
      ],
      "prices": [
        {
          "store_name": "Albert",
          "price": 19.9,
          "original_price": null,
          "unit_price": 99.5,
          "unit": "Kg",
          "package_size": "200 g",
          "condition": null
        }
      ],
      "description": null
    },
    {
      "name": "Colgate Max White Micro Crystals zubní pasta",
      "brand": "Colgate",
      "product_url": "https://wolt.com/cs/cze/prague/venue/albert-vinohradska/colgate-max-white-micro-crystals-zubni-pasta-itemid-64ca0b7cba162577de489e9e",
      "image_url": "https://imageproxy.wolt.com/menu/menu-images/64ffec4406cca0140dfab831/16869cc2-8eb2-11ee-8656-36180384687e_24659390.jpg",
      "categories": [
        "DROGERIE A KOSMETIKA",
        "ÚSTNÍ HYGIENA"
      ],
      "prices": [
        {
          "store_name": "Albert",
          "price": 62.9,
          "original_price": null,
          "unit_price": 838.67,
          "unit": "l",
          "package_size": "75 ml",
          "condition": null
        }
      ],
      "description": null
    },
    {
      "name": "Kotányi mlýnek pepř čtyřbarevný celý",
      "brand": "Kotányi",
      "product_url": "https://wolt.com/cs/cze/prague/venue/albert-vinohradska/kotanyi-mlynek-pepr-ctyrbarevny-cely-itemid-64ca0b7cba162577de4892e6",
      "image_url": "https://imageproxy.wolt.com/menu/menu-images/64ffec4406cca0140dfab831/d116e654-8eae-11ee-998f-3e53a922e9b0_22842848.jpg",
      "categories": [
        "TRVANLIVÉ",
        "KOŘENÍ A OCHUCOVADLA"
      ],
      "prices": [
        {
          "store_name": "Albert",
          "price": null,
          "original_price": null,
          "unit_price": 1711.43,
          "unit": "Kg",
          "package_size": "35 g",
          "condition": "Sleva"
        }
      ],
      "description": null
    },
    {
      "name": "Nature's Promise Bio Pyré jablko, mrkev, banán",
      "brand": "Nature's Promise",
      "product_url": "https://wolt.com/cs/cze/prague/venue/albert-vinohradska/nature-s-promise-bio-pyre-jablko-mrkev-banan-itemid-657233256818b938df948710",
      "image_url": "https://imageproxy.wolt.com/menu/menu-images/63ad795db242366d1f818f36/425baec2-bbe4-11ef-804f-2ef9807da5f4_26992679.jpg",
      "categories": [
        "DÍTĚ",
        "VÝŽIVA"
      ],
      "prices": [
        {
          "store_name": "Albert",
          "price": 13.5,
          "original_price": null,
          "unit_price": 150.0,
          "unit": "Kg",
          "package_size": "90 g",
          "condition": null
        }
      ],
      "description": null
    },
    {
      "name": "Božkov Bílý 30%",
      "brand": "Božkov",
      "product_url": "https://wolt.com/cs/cze/prague/venue/albert-vinohradska/bozkov-bily-30-itemid-64ca0b7cba162577de489b0c",
      "image_url": "https://imageproxy.wolt.com/menu/menu-images/64ffec4406cca0140dfab831/91561862-8eba-11ee-8fdb-865f2970631c_26642543.jpg",
      "categories": [
        "NÁPOJE",
        "LIHOVINY"
      ],
      "prices": [
        {
          "store_name": "Albert",
          "price": 149.9,
          "original_price": null,
          "unit_price": 299.8,
          "unit": "l",
          "package_size": "500 ml, 30% alc",
          "condition": "18+"
        }
      ],
      "description": null
    },
    {
      "name": "Jack Daniel's Tennessee Apple 35%",
      "brand": "Jack Daniel's",
      "product_url": "https://wolt.com/cs/cze/prague/venue/albert-vinohradska/jack-daniel-s-tennessee-apple-35-itemid-64ca0b7cba162577de48a51b",
      "image_url": "https://imageproxy.wolt.com/menu/menu-images/64ffec4406cca0140dfab831/d40bb4ee-8ec1-11ee-86af-56559ab64f60_27262375.jpg",
      "categories": [
        "NÁPOJE",
        "LIHOVINY"
      ],
      "prices": [
        {
          "store_name": "Albert",
          "price": 749.0,
          "original_price": null,
          "unit_price": 1070.0,
          "unit": "l",
          "package_size": "700 ml, 35% alc",
          "condition": "18+"
        }
      ],
      "description": null
    },
    {
      "name": "Sunar Bio Dětské křupky mini farma jahoda",
      "brand": "Sunar",
      "product_url": "https://wolt.com/cs/cze/prague/venue/albert-vinohradska/sunar-bio-detske-krupky-mini-farma-jahoda-itemid-6601e3bd7d4a907cb43cac1e",
      "image_url": "https://imageproxy.wolt.com/menu/menu-images/6601c613e48d1c8d95333085/cb7b6426-eae4-11ee-9e62-d6ce440b79c5_27691175.jpg",
      "categories": [
        "DÍTĚ",
        "VÝŽIVA"
      ],
      "prices": [
        {
          "store_name": "Albert",
          "price": 24.9,
          "original_price": null,
          "unit_price": 1383.33,
          "unit": "Kg",
          "package_size": "18 g",
          "condition": null
        }
      ],
      "description": null
    },
    {
      "name": "Bonavita Müsli čokoláda",
      "brand": "Bonavita",
      "product_url": "https://wolt.com/cs/cze/prague/venue/albert-vinohradska/bonavita-musli-cokolada-itemid-64ca0b7cba162577de488add",
      "image_url": "https://imageproxy.wolt.com/menu/menu-images/64ffec4406cca0140dfab831/02f44ce4-8eb3-11ee-946b-2a789dffa3ae_24940634.jpg",
      "categories": [
        "TRVANLIVÉ",
        "MÜSLI A CEREÁLIE"
      ],
      "prices": [
        {
          "store_name": "Albert",
          "price": 115.9,
          "original_price": null,
          "unit_price": 154.53,
          "unit": "Kg",
          "package_size": "750 g",
          "condition": null
        }
      ],
      "description": null
    },
    {
      "name": "Brynmor Flapjack Tyčinka pistáciová bez lepku",
      "brand": "Brynmor",
      "product_url": "https://wolt.com/cs/cze/prague/venue/albert-vinohradska/brynmor-flapjack-tycinka-pistaciova-bez-lepku-itemid-64ca0b7cba162577de489224",
      "image_url": "https://imageproxy.wolt.com/menu/menu-images/64ffec4406cca0140dfab831/ac78b5dc-8ec4-11ee-a4cd-5e8c96b8dcdd_27483435.jpg",
      "categories": [
        "TRVANLIVÉ",
        "MÜSLI A CEREÁLIE"
      ],
      "prices": [
        {
          "store_name": "Albert",
          "price": null,
          "original_price": null,
          "unit_price": 336.25,
          "unit": "Kg",
          "package_size": "80 g",
          "condition": "Sleva"
        }
      ],
      "description": null
    },
    {
      "name": "TropiCane Třtinový cukr",
      "brand": "TropiCane",
      "product_url": "https://wolt.com/cs/cze/prague/venue/albert-vinohradska/tropicane-trtinovy-cukr-itemid-64ca0b7cba162577de4886c3",
      "image_url": "https://imageproxy.wolt.com/menu/menu-images/64ffec4406cca0140dfab831/72317d94-8ec1-11ee-921a-fae72eeefc2d_27248867.jpg",
      "categories": [
        "TRVANLIVÉ",
        "PEČENÍ A VAŘENÍ"
      ],
      "prices": [
        {
          "store_name": "Albert",
          "price": 47.9,
          "original_price": null,
          "unit_price": 95.8,
          "unit": "Kg",
          "package_size": "500 g",
          "condition": null
        }
      ],
      "description": null
    },
    {
      "name": "Fa sprchový krém Divine Moments",
      "brand": "Fa",
      "product_url": "https://wolt.com/cs/cze/prague/venue/albert-vinohradska/fa-sprchovy-krem-divine-moments-itemid-64ca0b7cba162577de48a12e",
      "image_url": "https://imageproxy.wolt.com/menu/menu-images/63ad795db242366d1f818f36/4681fa8e-7826-11f0-9241-a2928f8210c8_26774138.jpg",
      "categories": [
        "DROGERIE A KOSMETIKA",
        "MÝDLA A GELY"
      ],
      "prices": [
        {
          "store_name": "Albert",
          "price": 69.9,
          "original_price": null,
          "unit_price": 279.6,
          "unit": "l",
          "package_size": "250 ml",
          "condition": null
        }
      ],
      "description": null
    },
    {
      "name": "Activia Probio jogurtový nápoj třešeň, jablko",
      "brand": "Activia",
      "product_url": "https://wolt.com/cs/cze/prague/venue/albert-vinohradska/activia-probio-jogurtovy-napoj-tresen-jablko-itemid-657233256818b938df947b2d",
      "image_url": "https://imageproxy.wolt.com/menu/menu-images/64ffec4406cca0140dfab831/2d8b8ecc-8ec7-11ee-8d0c-222205837f4e_27645383.jpg",
      "categories": [
        "MLÉČNÉ A CHLAZENÉ",
        "MLÉČNÉ NÁPOJE"
      ],
      "prices": [
        {
          "store_name": "Albert",
          "price": 32.9,
          "original_price": null,
          "unit_price": 121.85,
          "unit": "Kg",
          "package_size": "270 g",
          "condition": null
        }
      ],
      "description": null
    },
    {
      "name": "Day Up Dezert ovocný lesní ovoce a oves",
      "brand": "Day Up",
      "product_url": "https://wolt.com/cs/cze/prague/venue/albert-vinohradska/day-up-dezert-ovocny-lesni-ovoce-a-oves-itemid-681b5abffcbd67bf7a8f4a95",
      "image_url": "https://imageproxy.wolt.com/menu/menu-images/63ad795db242366d1f818f36/6f2c2e18-2b47-11f0-a904-3e216c768122_27872901.jpg",
      "categories": [
        "MLÉČNÉ A CHLAZENÉ",
        "JOGURTY A DEZERTY"
      ],
      "prices": [
        {
          "store_name": "Albert",
          "price": null,
          "original_price": null,
          "unit_price": 182.5,
          "unit": "Kg",
          "package_size": "120 g",
          "condition": "Sleva"
        }
      ],
      "description": null
    },
    {
      "name": "Emco Mysli na Zdraví ovesné sušenky čokoládové",
      "brand": "Emco",
      "product_url": "https://wolt.com/cs/cze/prague/venue/albert-vinohradska/emco-mysli-na-zdravi-ovesne-susenky-cokoladove-itemid-6601f3e7a821c14498a30100",
      "image_url": "https://imageproxy.wolt.com/menu/menu-images/6601c613e48d1c8d95333085/da4acaca-eae2-11ee-8094-7af12948c363_25784084.jpg",
      "categories": [
        "TRVANLIVÉ",
        "MÜSLI A CEREÁLIE"
      ],
      "prices": [
        {
          "store_name": "Albert",
          "price": 21.9,
          "original_price": null,
          "unit_price": 365.0,
          "unit": "Kg",
          "package_size": "60 g",
          "condition": null
        }
      ],
      "description": null
    },
    {
      "name": "Activia Jogurtový nápoj bílý",
      "brand": "Activia",
      "product_url": "https://wolt.com/cs/cze/prague/venue/albert-vinohradska/activia-jogurtovy-napoj-bily-itemid-64ca0b7cba162577de489293",
      "image_url": "https://imageproxy.wolt.com/menu/menu-images/63ad795db242366d1f818f36/327dc8f2-26ff-11ef-8bb2-a62600fd2cde_23587571.jpg",
      "categories": [
        "MLÉČNÉ A CHLAZENÉ",
        "MLÉČNÉ NÁPOJE"
      ],
      "prices": [
        {
          "store_name": "Albert",
          "price": 32.9,
          "original_price": null,
          "unit_price": 117.5,
          "unit": "Kg",
          "package_size": "280 g",
          "condition": null
        }
      ],
      "description": null
    },
    {
      "name": "Albert Masová sekaná",
      "brand": "Albert",
      "product_url": "https://wolt.com/cs/cze/prague/venue/albert-vinohradska/albert-masova-sekana-itemid-64ca0b7cba162577de4895a7",
      "image_url": "https://imageproxy.wolt.com/menu/menu-images/64ffec4406cca0140dfab831/85b6553c-8eb8-11ee-ac56-5a7762fb688d_26116969.jpg",
      "categories": [
        "MASO A RYBY",
        "VEPŘOVÉ"
      ],
      "prices": [
        {
          "store_name": "Albert",
          "price": 43.9,
          "original_price": null,
          "unit_price": 87.8,
          "unit": "Kg",
          "package_size": "500 g",
          "condition": null
        }
      ],
      "description": null
    },
    {
      "name": "Mlékárna Kunín Pohár s meruňkovou příchutí",
      "brand": "Mlékárna Kunín",
      "product_url": "https://wolt.com/cs/cze/prague/venue/albert-vinohradska/mlekarna-kunin-pohar-s-merunkovou-prichuti-itemid-657233256818b938df94888e",
      "image_url": "https://imageproxy.wolt.com/menu/menu-images/64ffec4406cca0140dfab831/cc827e68-8ec3-11ee-8447-52a4ddf1765f_27424797.jpg",
      "categories": [
        "MLÉČNÉ A CHLAZENÉ",
        "JOGURTY A DEZERTY"
      ],
      "prices": [
        {
          "store_name": "Albert",
          "price": 20.9,
          "original_price": null,
          "unit_price": 139.33,
          "unit": "Kg",
          "package_size": "150 g",
          "condition": null
        }
      ],
      "description": null
    },
    {
      "name": "Dixi Březový šampon pro normální vlasy",
      "brand": "Dixi",
      "product_url": "https://wolt.com/cs/cze/prague/venue/albert-vinohradska/dixi-brezovy-sampon-pro-normalni-vlasy-itemid-64ca0b7cba162577de488ea9",
      "image_url": "https://imageproxy.wolt.com/menu/menu-images/64ffec4406cca0140dfab831/65995b2a-8ebb-11ee-bf55-6e81ffaa4982_26770666.jpg",
      "categories": [
        "DROGERIE A KOSMETIKA",
        "PÉČE O VLASY"
      ],
      "prices": [
        {
          "store_name": "Albert",
          "price": 59.9,
          "original_price": null,
          "unit_price": 149.75,
          "unit": "l",
          "package_size": "400 ml",
          "condition": null
        }
      ],
      "description": null
    },
    {
      "name": "Bohemilk Sušené mléko polotučné",
      "brand": "Bohemilk",
      "product_url": "https://wolt.com/cs/cze/prague/venue/albert-vinohradska/bohemilk-susene-mleko-polotucne-itemid-64ca0b7cba162577de489b07",
      "image_url": "https://imageproxy.wolt.com/menu/menu-images/64ffec4406cca0140dfab831/f3722d5e-8eb2-11ee-a805-b6077702759d_24913935.jpg",
      "categories": [
        "MLÉČNÉ A CHLAZENÉ",
        "MLÉČNÉ NÁPOJE"
      ],
      "prices": [
        {
          "store_name": "Albert",
          "price": 139.9,
          "original_price": null,
          "unit_price": 349.75,
          "unit": "Kg",
          "package_size": "400 g",
          "condition": null
        }
      ],
      "description": null
    },
    {
      "name": "Choceňský jogurt smetanový jahodový",
      "brand": "Choceňský",
      "product_url": "https://wolt.com/cs/cze/prague/venue/albert-vinohradska/chocensky-jogurt-smetanovy-jahodovy-itemid-657233256818b938df94784a",
      "image_url": "https://imageproxy.wolt.com/menu/menu-images/64ffec4406cca0140dfab831/b2db14f8-8eb8-11ee-8234-3ed0b25e551d_26207629.jpg",
      "categories": [
        "MLÉČNÉ A CHLAZENÉ",
        "JOGURTY A DEZERTY"
      ],
      "prices": [
        {
          "store_name": "Albert",
          "price": 18.9,
          "original_price": null,
          "unit_price": 126.0,
          "unit": "Kg",
          "package_size": "150 g",
          "condition": null
        }
      ],
      "description": null
    },
    {
      "name": "Nature's Promise Žervé",
      "brand": "Nature's Promise",
      "product_url": "https://wolt.com/cs/cze/prague/venue/albert-vinohradska/nature-s-promise-zerve-itemid-64ca0b7cba162577de488d57",
      "image_url": "https://imageproxy.wolt.com/menu/menu-images/63ad795db242366d1f818f36/79b9f9c2-97c2-11f0-9a30-d284ef72c6d5_25905281.jpg",
      "categories": [
        "MLÉČNÉ A CHLAZENÉ",
        "SÝRY"
      ],
      "prices": [
        {
          "store_name": "Albert",
          "price": null,
          "original_price": null,
          "unit_price": 173.75,
          "unit": "Kg",
          "package_size": "80 g",
          "condition": "Sleva"
        }
      ],
      "description": null
    },
    {
      "name": "Crispy pillows Polštářky s vanilkovou příchutí",
      "brand": "Crispy",
      "product_url": "https://wolt.com/cs/cze/prague/venue/albert-vinohradska/crispy-pillows-polstarky-s-vanilkovou-prichuti-itemid-64ca0b7cba162577de4898ee",
      "image_url": "https://imageproxy.wolt.com/menu/menu-images/64ffec4406cca0140dfab831/6c26b204-8eb5-11ee-805d-ca3c3355ab39_25551754.jpg",
      "categories": [
        "TRVANLIVÉ",
        "MÜSLI A CEREÁLIE"
      ],
      "prices": [
        {
          "store_name": "Albert",
          "price": null,
          "original_price": null,
          "unit_price": 132.67,
          "unit": "Kg",
          "package_size": "150 g",
          "condition": "Sleva"
        }
      ],
      "description": null
    },
    {
      "name": "Rosické těstoviny Nudle vlasové",
      "brand": "Rosické",
      "product_url": "https://wolt.com/cs/cze/prague/venue/albert-vinohradska/rosicke-testoviny-nudle-vlasove-itemid-64ca0b7cba162577de489100",
      "image_url": "https://imageproxy.wolt.com/menu/menu-images/63ad795db242366d1f818f36/ddec7ee6-25b3-11f0-a686-1264573cfe78_20296438.jpg",
      "categories": [
        "TRVANLIVÉ",
        "TĚSTOVINY A KUSKUS"
      ],
      "prices": [
        {
          "store_name": "Albert",
          "price": 29.9,
          "original_price": null,
          "unit_price": 59.8,
          "unit": "Kg",
          "package_size": "500 g",
          "condition": null
        }
      ],
      "description": null
    },
    {
      "name": "Natur Farm Sirup limetka-máta",
      "brand": "Natur",
      "product_url": "https://wolt.com/cs/cze/prague/venue/albert-vinohradska/natur-farm-sirup-limetka-mata-itemid-64ca0b7cba162577de48a270",
      "image_url": "https://imageproxy.wolt.com/menu/menu-images/64ffec4406cca0140dfab831/94ce1e36-8eba-11ee-ae28-36180384687e_26643175.jpg",
      "categories": [
        "NÁPOJE",
        "SIRUPY A KONCENTRÁTY"
      ],
      "prices": [
        {
          "store_name": "Albert",
          "price": 89.9,
          "original_price": null,
          "unit_price": 128.43,
          "unit": "l",
          "package_size": "700 ml",
          "condition": null
        }
      ],
      "description": null
    },
    {
      "name": "Olma Dezert pudinkový se šlehačkou čokoládový",
      "brand": "Olma",
      "product_url": "https://wolt.com/cs/cze/prague/venue/albert-vinohradska/olma-dezert-pudinkovy-se-slehackou-cokoladovy-itemid-64ca0b7cba162577de48910f",
      "image_url": "https://imageproxy.wolt.com/menu/menu-images/64ffec4406cca0140dfab831/0e66f286-8eac-11ee-914b-a20c72ca170b_20293895.jpg",
      "categories": [
        "MLÉČNÉ A CHLAZENÉ",
        "JOGURTY A DEZERTY"
      ],
      "prices": [
        {
          "store_name": "Albert",
          "price": 19.9,
          "original_price": null,
          "unit_price": 99.5,
          "unit": "Kg",
          "package_size": "200 g",
          "condition": null
        }
      ],
      "description": null
    },
    {
      "name": "Kitbis Tropical Mix",
      "brand": "Kitbis",
      "product_url": "https://wolt.com/cs/cze/prague/venue/albert-vinohradska/kitbis-tropical-mix-itemid-64ca0b7cba162577de4895e9",
      "image_url": "https://imageproxy.wolt.com/menu/menu-images/64ffec4406cca0140dfab831/9ca11740-8ec3-11ee-a5dd-a6924885d1bf_27389751.jpg",
      "categories": [
        "TRVANLIVÉ",
        "SLADKOSTI"
      ],
      "prices": [
        {
          "store_name": "Albert",
          "price": 14.9,
          "original_price": null,
          "unit_price": 149.0,
          "unit": "Kg",
          "package_size": "100 g",
          "condition": null
        }
      ],
      "description": null
    },
    {
      "name": "Sanpellegrino Clementina mandarinka",
      "brand": "Sanpellegrino",
      "product_url": "https://wolt.com/cs/cze/prague/venue/albert-vinohradska/sanpellegrino-clementina-mandarinka-itemid-64ca0b7cba162577de48a608",
      "image_url": "https://imageproxy.wolt.com/menu/menu-images/64ffec4406cca0140dfab831/9fba666c-8ec2-11ee-8692-3a9a41c1cb36_27313503.jpg",
      "categories": [
        "NÁPOJE",
        "LIMONÁDY"
      ],
      "prices": [
        {
          "store_name": "Albert",
          "price": 37.9,
          "original_price": null,
          "unit_price": 114.85,
          "unit": "l",
          "package_size": "330 ml",
          "condition": null
        }
      ],
      "description": null
    },
    {
      "name": "Vitana Steaková omáčka brusinková",
      "brand": "Vitana",
      "product_url": "https://wolt.com/cs/cze/prague/venue/albert-vinohradska/vitana-steakova-omacka-brusinkova-itemid-64ca0b7cba162577de489dec",
      "image_url": "https://imageproxy.wolt.com/menu/menu-images/63ad795db242366d1f818f36/34e74134-4e4d-11ef-9a38-a2988d633ddb_24132060.jpg",
      "categories": [
        "TRVANLIVÉ",
        "KEČUPY A HOŘČICE"
      ],
      "prices": [
        {
          "store_name": "Albert",
          "price": 79.9,
          "original_price": null,
          "unit_price": 319.6,
          "unit": "l",
          "package_size": "250 ml",
          "condition": null
        }
      ],
      "description": null
    },
    {
      "name": "Carla Poleva bílá",
      "brand": "Carla",
      "product_url": "https://wolt.com/cs/cze/prague/venue/albert-vinohradska/carla-poleva-bila-itemid-64ca0b7cba162577de489e73",
      "image_url": "https://imageproxy.wolt.com/menu/menu-images/64ffec4406cca0140dfab831/c9ae196a-8ead-11ee-b663-4e1b0e3e674e_21251924.jpg",
      "categories": [
        "TRVANLIVÉ",
        "PEČENÍ A VAŘENÍ"
      ],
      "prices": [
        {
          "store_name": "Albert",
          "price": 29.9,
          "original_price": null,
          "unit_price": 299.0,
          "unit": "Kg",
          "package_size": "100 g",
          "condition": null
        }
      ],
      "description": null
    },
    {
      "name": "Albert Sýr Krolewski L.casei plátky",
      "brand": "Albert",
      "product_url": "https://wolt.com/cs/cze/prague/venue/albert-vinohradska/albert-syr-krolewski-l-casei-platky-itemid-64ca0b7cba162577de489288",
      "image_url": "https://imageproxy.wolt.com/menu/menu-images/64ffec4406cca0140dfab831/8b16cb8c-8ebe-11ee-8543-a28724a7b713_27035443.jpg",
      "categories": [
        "MLÉČNÉ A CHLAZENÉ",
        "SÝRY"
      ],
      "prices": [
        {
          "store_name": "Albert",
          "price": 47.9,
          "original_price": null,
          "unit_price": 319.33,
          "unit": "Kg",
          "package_size": "150 g",
          "condition": null
        }
      ],
      "description": null
    },
    {
      "name": "HiPP Bio Paella s kuřecím masem a zeleninou",
      "brand": "HiPP",
      "product_url": "https://wolt.com/cs/cze/prague/venue/albert-vinohradska/hipp-bio-paella-s-kurecim-masem-a-zeleninou-itemid-6601f110f501bc28e2dad9c2",
      "image_url": "https://imageproxy.wolt.com/menu/menu-images/63ad795db242366d1f818f36/d63a9c5c-7827-11f0-a3f8-eab81e1b7890_27247464.jpg",
      "categories": [
        "DÍTĚ",
        "VÝŽIVA"
      ],
      "prices": [
        {
          "store_name": "Albert",
          "price": 69.9,
          "original_price": null,
          "unit_price": 279.6,
          "unit": "Kg",
          "package_size": "250 g",
          "condition": null
        }
      ],
      "description": null
    },
    {
      "name": "Albert Tavený sýr lahodný",
      "brand": "Albert",
      "product_url": "https://wolt.com/cs/cze/prague/venue/albert-vinohradska/albert-taveny-syr-lahodny-itemid-64ca0b7cba162577de48849f",
      "image_url": "https://imageproxy.wolt.com/menu/menu-images/64ffec4406cca0140dfab831/308d828e-8eb2-11ee-872b-22a8008f3216_24679510.jpg",
      "categories": [
        "MLÉČNÉ A CHLAZENÉ",
        "SÝRY"
      ],
      "prices": [
        {
          "store_name": "Albert",
          "price": 26.9,
          "original_price": null,
          "unit_price": 192.14,
          "unit": "Kg",
          "package_size": "140 g",
          "condition": null
        }
      ],
      "description": null
    },
    {
      "name": "Maggi Bujón hovězí tekutý",
      "brand": "Maggi",
      "product_url": "https://wolt.com/cs/cze/prague/venue/albert-vinohradska/maggi-bujon-hovezi-tekuty-itemid-6601ef74dc19511b51974591",
      "image_url": "https://imageproxy.wolt.com/menu/menu-images/6601c613e48d1c8d95333085/a545859e-eae3-11ee-a5b6-f2c1f47dde5c_27112120.jpg",
      "categories": [
        "TRVANLIVÉ",
        "KOŘENÍ A OCHUCOVADLA"
      ],
      "prices": [
        {
          "store_name": "Albert",
          "price": 64.9,
          "original_price": null,
          "unit_price": 405.63,
          "unit": "Kg",
          "package_size": "160 g",
          "condition": null
        }
      ],
      "description": null
    },
    {
      "name": "Ria Super tampóny",
      "brand": "Ria",
      "product_url": "https://wolt.com/cs/cze/prague/venue/albert-vinohradska/ria-super-tampony-itemid-64ca0b7cba162577de489bcb",
      "image_url": "https://imageproxy.wolt.com/menu/menu-images/64ffec4406cca0140dfab831/921681ac-8eb4-11ee-a2f5-4ac825cfc539_25353983.jpg",
      "categories": [
        "DROGERIE A KOSMETIKA",
        "DÁMSKÉ HYG. POTŘEBY"
      ],
      "prices": [
        {
          "store_name": "Albert",
          "price": null,
          "original_price": null,
          "unit_price": 2.49,
          "unit": "ks",
          "package_size": "‪16‬ kusů",
          "condition": "Sleva"
        }
      ],
      "description": null
    },
    {
      "name": "Albert Excellent Výběrový salámek",
      "brand": "Albert Excellent",
      "product_url": "https://wolt.com/cs/cze/prague/venue/albert-vinohradska/albert-excellent-vyberovy-salamek-itemid-657233256818b938df948c55",
      "image_url": "https://imageproxy.wolt.com/menu/menu-images/64ffec4406cca0140dfab831/4ce56554-8ec7-11ee-a1ea-0eb01a66e252_27651308.jpg",
      "categories": [
        "UZENINY A LAHŮDKY",
        "SALÁMY"
      ],
      "prices": [
        {
          "store_name": "Albert",
          "price": 59.9,
          "original_price": null,
          "unit_price": 570.48,
          "unit": "Kg",
          "package_size": "105 g",
          "condition": null
        }
      ],
      "description": null
    },
    {
      "name": "Orion Margot Tyčinka s kokosem",
      "brand": "Orion",
      "product_url": "https://wolt.com/cs/cze/prague/venue/albert-vinohradska/orion-margot-tycinka-s-kokosem-itemid-64ca0b7cba162577de488791",
      "image_url": "https://imageproxy.wolt.com/menu/menu-images/64ffec4406cca0140dfab831/55e32a12-8eac-11ee-84b7-0e65b1b3f66c_20301583.jpg",
      "categories": [
        "TRVANLIVÉ",
        "SLADKOSTI"
      ],
      "prices": [
        {
          "store_name": "Albert",
          "price": 26.9,
          "original_price": null,
          "unit_price": 336.25,
          "unit": "Kg",
          "package_size": "80 g",
          "condition": null
        }
      ],
      "description": null
    },
    {
      "name": "Albert Excellent Tapas Tzatziki dip",
      "brand": "Albert Excellent",
      "product_url": "https://wolt.com/cs/cze/prague/venue/albert-vinohradska/albert-excellent-tapas-tzatziki-dip-itemid-64ca0b7cba162577de489a9f",
      "image_url": "https://imageproxy.wolt.com/menu/menu-images/63ad795db242366d1f818f36/ae1328f4-be3e-11f0-9a13-feae9614ca79_27643808.jpg",
      "categories": [
        "UZENINY A LAHŮDKY",
        "TAPAS"
      ],
      "prices": [
        {
          "store_name": "Albert",
          "price": 69.0,
          "original_price": null,
          "unit_price": 530.77,
          "unit": "Kg",
          "package_size": "130 g",
          "condition": "Vyprodáno"
        }
      ],
      "description": null
    },
    {
      "name": "Moravia Čerstvé farmářské mléko plnotučné",
      "brand": "Moravia",
      "product_url": "https://wolt.com/cs/cze/prague/venue/albert-vinohradska/moravia-cerstve-farmarske-mleko-plnotucne-itemid-657233256818b938df947cc2",
      "image_url": "https://imageproxy.wolt.com/menu/menu-images/64ffec4406cca0140dfab831/2cba91d2-8eb3-11ee-a9a6-c64f1deb8de2_24979740.jpg",
      "categories": [
        "MLÉČNÉ A CHLAZENÉ",
        "MLÉČNÉ NÁPOJE"
      ],
      "prices": [
        {
          "store_name": "Albert",
          "price": 26.9,
          "original_price": null,
          "unit_price": 53.8,
          "unit": "l",
          "package_size": "500 ml",
          "condition": null
        }
      ],
      "description": null
    },
    {
      "name": "Albert Smoothie kiwi a jablko",
      "brand": "Albert",
      "product_url": "https://wolt.com/cs/cze/prague/venue/albert-vinohradska/albert-smoothie-kiwi-a-jablko-itemid-64ca0b7cba162577de4887df",
      "image_url": "https://imageproxy.wolt.com/menu/menu-images/64ffec4406cca0140dfab831/d2de1b6c-8ec0-11ee-8f91-0ada12279bd6_27198407.jpg",
      "categories": [
        "NÁPOJE",
        "DŽUSY A NEKTARY"
      ],
      "prices": [
        {
          "store_name": "Albert",
          "price": 39.9,
          "original_price": null,
          "unit_price": 159.6,
          "unit": "l",
          "package_size": "250 ml",
          "condition": null
        }
      ],
      "description": null
    },
    {
      "name": "Česká Chuť Bramboráky předsmažené",
      "brand": "Česká chuť",
      "product_url": "https://wolt.com/cs/cze/prague/venue/albert-vinohradska/ceska-chut-bramboraky-predsmazene-itemid-6876153a0c6218e9f3e5f484",
      "image_url": "https://imageproxy.wolt.com/menu/menu-images/64b62ec5e5ab70cdc92e30f0/2e5cc1f0-616f-11f0-8b6b-7ad3a1889474_27839744.jpg",
      "categories": [
        "MRAŽENÉ POTRAVINY",
        "MRAŽENÁ PIZZA A HOTOVÁ JÍDLA"
      ],
      "prices": [
        {
          "store_name": "Albert",
          "price": 69.9,
          "original_price": null,
          "unit_price": 145.63,
          "unit": "Kg",
          "package_size": "480 g",
          "condition": null
        }
      ],
      "description": null
    },
    {
      "name": "Tatra Salko karamel",
      "brand": "Tatra",
      "product_url": "https://wolt.com/cs/cze/prague/venue/albert-vinohradska/tatra-salko-karamel-itemid-64ca0b7cba162577de4895da",
      "image_url": "https://imageproxy.wolt.com/menu/menu-images/64ffec4406cca0140dfab831/22d8d0d8-8eb4-11ee-9c5d-02d10f7fce64_25249866.jpg",
      "categories": [
        "MLÉČNÉ A CHLAZENÉ",
        "MLÉČNÉ NÁPOJE"
      ],
      "prices": [
        {
          "store_name": "Albert",
          "price": 76.9,
          "original_price": null,
          "unit_price": 193.7,
          "unit": "Kg",
          "package_size": "397 g",
          "condition": null
        }
      ],
      "description": null
    },
    {
      "name": "Bohemilk Smetana do kávy 10%",
      "brand": "Bohemilk",
      "product_url": "https://wolt.com/cs/cze/prague/venue/albert-vinohradska/bohemilk-smetana-do-kavy-10-itemid-657233256818b938df948697",
      "image_url": "https://imageproxy.wolt.com/menu/menu-images/64ffec4406cca0140dfab831/f3733f96-8eb2-11ee-b9d1-eadf6ce36c9d_24913904.jpg",
      "categories": [
        "MLÉČNÉ A CHLAZENÉ",
        "MLÉČNÉ NÁPOJE"
      ],
      "prices": [
        {
          "store_name": "Albert",
          "price": 43.9,
          "original_price": null,
          "unit_price": 133.03,
          "unit": "l",
          "package_size": "330 ml",
          "condition": null
        }
      ],
      "description": null
    },
    {
      "name": "Pfanner 100% pomeranč",
      "brand": "Pfanner",
      "product_url": "https://wolt.com/cs/cze/prague/venue/albert-vinohradska/pfanner-100-pomeranc-itemid-64ca0b7cba162577de4894b1",
      "image_url": "https://imageproxy.wolt.com/menu/menu-images/63ad795db242366d1f818f36/22212542-4e4d-11ef-8bfb-9aeb66e479d1_20700454.jpg",
      "categories": [
        "NÁPOJE",
        "DŽUSY A NEKTARY"
      ],
      "prices": [
        {
          "store_name": "Albert",
          "price": null,
          "original_price": null,
          "unit_price": 54.9,
          "unit": "l",
          "package_size": "1 l",
          "condition": "Sleva"
        }
      ],
      "description": null
    },
    {
      "name": "Fit Müsli tyčinka šťavnatá",
      "brand": "Fit",
      "product_url": "https://wolt.com/cs/cze/prague/venue/albert-vinohradska/fit-musli-tycinka-stavnata-itemid-64ca0b7cba162577de489574",
      "image_url": "https://imageproxy.wolt.com/menu/menu-images/64ffec4406cca0140dfab831/691baa32-8eac-11ee-84b6-f62fd0b321c8_20304591.jpg",
      "categories": [
        "TRVANLIVÉ",
        "MÜSLI A CEREÁLIE"
      ],
      "prices": [
        {
          "store_name": "Albert",
          "price": 9.9,
          "original_price": null,
          "unit_price": 330.0,
          "unit": "Kg",
          "package_size": "30 g",
          "condition": null
        }
      ],
      "description": null
    },
    {
      "name": "Nowaco Polévková směs",
      "brand": "Nowaco",
      "product_url": "https://wolt.com/cs/cze/prague/venue/albert-vinohradska/nowaco-polevkova-smes-itemid-6876153a0c6218e9f3e5f43b",
      "image_url": "https://imageproxy.wolt.com/menu/menu-images/64b62ec5e5ab70cdc92e30f0/fdde35c2-616e-11f0-963e-d632d2986739_26956763.jpg",
      "categories": [
        "MRAŽENÉ POTRAVINY",
        "MRAŽENÉ OVOCE A ZELENINA"
      ],
      "prices": [
        {
          "store_name": "Albert",
          "price": 29.9,
          "original_price": null,
          "unit_price": 85.43,
          "unit": "Kg",
          "package_size": "350 g",
          "condition": null
        }
      ],
      "description": null
    },
    {
      "name": "Božkov Republica Cuba Libre",
      "brand": "Božkov",
      "product_url": "https://wolt.com/cs/cze/prague/venue/albert-vinohradska/bozkov-republica-cuba-libre-itemid-651c85004cc209c0e71de1e5",
      "image_url": "https://imageproxy.wolt.com/menu/menu-images/64ffec4406cca0140dfab831/3ba4cd90-8eca-11ee-a1f6-bea6474a380e_27773499.jpg",
      "categories": [
        "NÁPOJE",
        "LIHOVINY"
      ],
      "prices": [
        {
          "store_name": "Albert",
          "price": 54.9,
          "original_price": null,
          "unit_price": 219.6,
          "unit": "l",
          "package_size": "250 ml, 6% alc",
          "condition": "18+"
        }
      ],
      "description": null
    },
    {
      "name": "Dr. Oetker Šlehačka v prášku",
      "brand": "Dr. Oetker",
      "product_url": "https://wolt.com/cs/cze/prague/venue/albert-vinohradska/dr-oetker-slehacka-v-prasku-itemid-64ca0b7cba162577de489f0e",
      "image_url": "https://imageproxy.wolt.com/menu/menu-images/63ad795db242366d1f818f36/e81ca21a-a8e9-11f0-8878-7ad483de8660_20308346.jpg",
      "categories": [
        "TRVANLIVÉ",
        "PEČENÍ A VAŘENÍ"
      ],
      "prices": [
        {
          "store_name": "Albert",
          "price": 27.9,
          "original_price": null,
          "unit_price": 620.0,
          "unit": "Kg",
          "package_size": "45 g",
          "condition": null
        }
      ],
      "description": null
    },
    {
      "name": "Albert Excellent Zelené olivy s paprikou",
      "brand": "Albert Excellent",
      "product_url": "https://wolt.com/cs/cze/prague/venue/albert-vinohradska/albert-excellent-zelene-olivy-s-paprikou-itemid-681b5abffcbd67bf7a8f49f5",
      "image_url": "https://imageproxy.wolt.com/menu/menu-images/63ad795db242366d1f818f36/2a3adf36-ad8b-11f0-b5f9-dafa5adcf24c_27948781.jpg",
      "categories": [
        "TRVANLIVÉ",
        "KONZERVOVANÉ POTR."
      ],
      "prices": [
        {
          "store_name": "Albert",
          "price": 59.9,
          "original_price": null,
          "unit_price": 278.6,
          "unit": "Kg",
          "package_size": "215 g",
          "condition": "Vyprodáno"
        }
      ],
      "description": null
    },
    {
      "name": "Albert Zázvoráda",
      "brand": "Albert",
      "product_url": "https://wolt.com/cs/cze/prague/venue/albert-vinohradska/albert-zazvorada-itemid-64ca0b7cba162577de489428",
      "image_url": "https://imageproxy.wolt.com/menu/menu-images/63ad795db242366d1f818f36/d7c12942-0609-11ef-8629-026fa24fb98e_27728406.jpg",
      "categories": [
        "NÁPOJE",
        "DŽUSY A NEKTARY"
      ],
      "prices": [
        {
          "store_name": "Albert",
          "price": 39.9,
          "original_price": null,
          "unit_price": 99.75,
          "unit": "l",
          "package_size": "400 ml",
          "condition": null
        }
      ],
      "description": null
    },
    {
      "name": "Albert Lovecký salám krájený",
      "brand": "Albert",
      "product_url": "https://wolt.com/cs/cze/prague/venue/albert-vinohradska/albert-lovecky-salam-krajeny-itemid-64ca0b7cba162577de488251",
      "image_url": "https://imageproxy.wolt.com/menu/menu-images/64ffec4406cca0140dfab831/91eac21c-8eb7-11ee-aeb7-7217cc85b990_25964523.jpg",
      "categories": [
        "UZENINY A LAHŮDKY",
        "SALÁMY"
      ],
      "prices": [
        {
          "store_name": "Albert",
          "price": null,
          "original_price": null,
          "unit_price": 305.33,
          "unit": "Kg",
          "package_size": "75 g",
          "condition": "Sleva"
        }
      ],
      "description": null
    },
    {
      "name": "Mlékárna Kunín Šlehačka de luxe 40%",
      "brand": "Mlékárna Kunín",
      "product_url": "https://wolt.com/cs/cze/prague/venue/albert-vinohradska/mlekarna-kunin-slehacka-de-luxe-40-itemid-64ca0b7cba162577de4891e5",
      "image_url": "https://imageproxy.wolt.com/menu/menu-images/63ad795db242366d1f818f36/b92ef82c-f8ef-11ef-820a-8255f9ec1621_24000451.jpg",
      "categories": [
        "MLÉČNÉ A CHLAZENÉ",
        "SMETANY A ŠLEHAČKY"
      ],
      "prices": [
        {
          "store_name": "Albert",
          "price": 49.9,
          "original_price": null,
          "unit_price": 249.5,
          "unit": "Kg",
          "package_size": "200 g",
          "condition": null
        }
      ],
      "description": null
    },
    {
      "name": "Milko Můj Skyr kokos",
      "brand": "Milko",
      "product_url": "https://wolt.com/cs/cze/prague/venue/albert-vinohradska/milko-muj-skyr-kokos-itemid-657233256818b938df948b6a",
      "image_url": "https://imageproxy.wolt.com/menu/menu-images/64ffec4406cca0140dfab831/fe547a76-8ec9-11ee-a4bb-b649ab0f849e_27767443.jpg",
      "categories": [
        "MLÉČNÉ A CHLAZENÉ",
        "JOGURTY A DEZERTY"
      ],
      "prices": [
        {
          "store_name": "Albert",
          "price": 21.9,
          "original_price": null,
          "unit_price": 168.46,
          "unit": "Kg",
          "package_size": "130 g",
          "condition": null
        }
      ],
      "description": null
    },
    {
      "name": "Kitbis Perník jahodový",
      "brand": "Kitbis",
      "product_url": "https://wolt.com/cs/cze/prague/venue/albert-vinohradska/kitbis-pernik-jahodovy-itemid-64ca0b7cba162577de488269",
      "image_url": "https://imageproxy.wolt.com/menu/menu-images/64ffec4406cca0140dfab831/5b4e2974-8eb2-11ee-a18c-feea992db910_24725019.jpg",
      "categories": [
        "TRVANLIVÉ",
        "SLADKOSTI"
      ],
      "prices": [
        {
          "store_name": "Albert",
          "price": 7.9,
          "original_price": null,
          "unit_price": 131.67,
          "unit": "Kg",
          "package_size": "60 g",
          "condition": null
        }
      ],
      "description": null
    },
    {
      "name": "Penam Himalájský chléb, krájený",
      "brand": "Penam",
      "product_url": "https://wolt.com/cs/cze/prague/venue/albert-vinohradska/penam-himalajsky-chleb-krajeny-itemid-64ca0b7cba162577de4893e5",
      "image_url": "https://imageproxy.wolt.com/menu/menu-images/64ffec4406cca0140dfab831/4efd60c4-8ec9-11ee-ba6d-768b824ebd6b_27746509.jpg",
      "categories": [
        "PEKÁRNA A CUKRÁRNA",
        "CHLÉB BALENÝ"
      ],
      "prices": [
        {
          "store_name": "Albert",
          "price": 49.9,
          "original_price": null,
          "unit_price": 99.8,
          "unit": "Kg",
          "package_size": "500 g",
          "condition": null
        }
      ],
      "description": null
    },
    {
      "name": "Panzani Fusilli 3 minuty",
      "brand": "Panzani",
      "product_url": "https://wolt.com/cs/cze/prague/venue/albert-vinohradska/panzani-fusilli-3-minuty-itemid-64ca0b7cba162577de489613",
      "image_url": "https://imageproxy.wolt.com/menu/menu-images/64ffec4406cca0140dfab831/867af676-8eae-11ee-919f-7a8430ea266b_22500274.jpg",
      "categories": [
        "TRVANLIVÉ",
        "TĚSTOVINY A KUSKUS"
      ],
      "prices": [
        {
          "store_name": "Albert",
          "price": 37.9,
          "original_price": null,
          "unit_price": 75.8,
          "unit": "Kg",
          "package_size": "500 g",
          "condition": null
        }
      ],
      "description": null
    },
    {
      "name": "Mixit Cereálie Peep Peep kakao",
      "brand": "Mixit",
      "product_url": "https://wolt.com/cs/cze/prague/venue/albert-vinohradska/mixit-cerealie-peep-peep-kakao-itemid-681b5abffcbd67bf7a8f4a23",
      "image_url": "https://imageproxy.wolt.com/menu/menu-images/63ad795db242366d1f818f36/b1d116b6-2b47-11f0-9f12-225476ed9c44_27958513.jpg",
      "categories": [
        "TRVANLIVÉ",
        "MÜSLI A CEREÁLIE"
      ],
      "prices": [
        {
          "store_name": "Albert",
          "price": 139.9,
          "original_price": null,
          "unit_price": 499.64,
          "unit": "Kg",
          "package_size": "280 g",
          "condition": "Vyprodáno"
        }
      ],
      "description": null
    },
    {
      "name": "Albert Excellent Tapas Pomazánka česnek bylinky",
      "brand": "Albert Excellent",
      "product_url": "https://wolt.com/cs/cze/prague/venue/albert-vinohradska/albert-excellent-tapas-pomazanka-cesnek-bylinky-itemid-6602225fa4559398534f17e2",
      "image_url": "https://imageproxy.wolt.com/menu/menu-images/6745ec28c3b7723db3588430/64e9ff6e-eb01-11f0-bd15-b6958c093fdf_27730386.jpg",
      "categories": [
        "UZENINY A LAHŮDKY",
        "TAPAS"
      ],
      "prices": [
        {
          "store_name": "Albert",
          "price": 69.0,
          "original_price": null,
          "unit_price": 726.32,
          "unit": "Kg",
          "package_size": "95 g",
          "condition": null
        }
      ],
      "description": null
    },
    {
      "name": "Rybex Rybí salát s jogurtem",
      "brand": "Rybex",
      "product_url": "https://wolt.com/cs/cze/prague/venue/albert-vinohradska/rybex-rybi-salat-s-jogurtem-itemid-64ca0b7cba162577de4891ab",
      "image_url": "https://imageproxy.wolt.com/menu/menu-images/64ffec4406cca0140dfab831/91ee1412-8eb7-11ee-b43f-c6aa6b123400_25962116.jpg",
      "categories": [
        "UZENINY A LAHŮDKY",
        "RYBÍ SPECIALITY"
      ],
      "prices": [
        {
          "store_name": "Albert",
          "price": 24.9,
          "original_price": null,
          "unit_price": 184.44,
          "unit": "Kg",
          "package_size": "135 g",
          "condition": null
        }
      ],
      "description": null
    },
    {
      "name": "La Grande Celebration Rosé Demi Sect",
      "brand": "La",
      "product_url": "https://wolt.com/cs/cze/prague/venue/albert-vinohradska/la-grande-celebration-rose-demi-sect-itemid-64ca0b7cba162577de489a2b",
      "image_url": "https://imageproxy.wolt.com/menu/menu-images/63ad795db242366d1f818f36/1f9f56d6-bbe4-11ef-8016-52e676c680e6_27516140.jpg",
      "categories": [
        "NÁPOJE",
        "VÍNA"
      ],
      "prices": [
        {
          "store_name": "Albert",
          "price": 89.9,
          "original_price": null,
          "unit_price": 119.87,
          "unit": "l",
          "package_size": "750 ml, 11% alc",
          "condition": "18+"
        }
      ],
      "description": null
    },
    {
      "name": "Emma Rozinky",
      "brand": "Emma",
      "product_url": "https://wolt.com/cs/cze/prague/venue/albert-vinohradska/emma-rozinky-itemid-64ca0b7cba162577de48849d",
      "image_url": "https://imageproxy.wolt.com/menu/menu-images/63ad795db242366d1f818f36/4591b66e-7fed-11ef-ad6b-4606dfdcb664_23707078.jpg",
      "categories": [
        "OVOCE A ZELENINA",
        "SUCHÉ PLODY"
      ],
      "prices": [
        {
          "store_name": "Albert",
          "price": 29.9,
          "original_price": null,
          "unit_price": 149.5,
          "unit": "Kg",
          "package_size": "200 g",
          "condition": null
        }
      ],
      "description": null
    },
    {
      "name": "Astrid Nutri Moments výživný regenerační krém",
      "brand": "Astrid",
      "product_url": "https://wolt.com/cs/cze/prague/venue/albert-vinohradska/astrid-nutri-moments-vyzivny-regeneracni-krem-itemid-64ca0b7cba162577de48a0ce",
      "image_url": "https://imageproxy.wolt.com/menu/menu-images/64ffec4406cca0140dfab831/24054a30-8eba-11ee-a735-faf7ab9749a2_26571690.jpg",
      "categories": [
        "DROGERIE A KOSMETIKA",
        "PÉČE O PLEŤ"
      ],
      "prices": [
        {
          "store_name": "Albert",
          "price": 74.9,
          "original_price": null,
          "unit_price": 499.33,
          "unit": "l",
          "package_size": "150 ml",
          "condition": null
        }
      ],
      "description": null
    },
    {
      "name": "Cellarium Bisencii Tramin cervené",
      "brand": "Cellarium",
      "product_url": "https://wolt.com/cs/cze/prague/venue/albert-vinohradska/cellarium-bisencii-tramin-cervene-itemid-64ca0b7cba162577de4889bd",
      "image_url": "https://imageproxy.wolt.com/menu/menu-images/64ffec4406cca0140dfab831/bd14febc-8eb2-11ee-90b4-ca3c3355ab39_24865654.jpg",
      "categories": [
        "NÁPOJE",
        "VÍNA"
      ],
      "prices": [
        {
          "store_name": "Albert",
          "price": 99.9,
          "original_price": null,
          "unit_price": 133.2,
          "unit": "l",
          "package_size": "750 ml, 12,5% alc",
          "condition": "18+"
        }
      ],
      "description": null
    },
    {
      "name": "Sommelier Collection Tramín červený",
      "brand": "Sommelier",
      "product_url": "https://wolt.com/cs/cze/prague/venue/albert-vinohradska/sommelier-collection-tramin-cerveny-itemid-64ca0b7cba162577de48a596",
      "image_url": "https://imageproxy.wolt.com/menu/menu-images/64ffec4406cca0140dfab831/7ab43eee-8ec5-11ee-9b99-6e0f65c8f049_27549179.jpg",
      "categories": [
        "NÁPOJE",
        "VÍNA"
      ],
      "prices": [
        {
          "store_name": "Albert",
          "price": 219.0,
          "original_price": null,
          "unit_price": 292.0,
          "unit": "l",
          "package_size": "750 ml, 12,5% alc",
          "condition": "18+"
        }
      ],
      "description": null
    },
    {
      "name": "Pampers Premium pleny velikost 4",
      "brand": "Pampers",
      "product_url": "https://wolt.com/cs/cze/prague/venue/albert-vinohradska/pampers-premium-pleny-velikost-4-itemid-64ca0b7cba162577de489bb7",
      "image_url": "https://imageproxy.wolt.com/menu/menu-images/63ad795db242366d1f818f36/7154af84-9796-11ef-8789-6e406f93c138_24962063.jpg",
      "categories": [
        "DÍTĚ",
        "PLENY A PODLOŽKY"
      ],
      "prices": [
        {
          "store_name": "Albert",
          "price": null,
          "original_price": null,
          "unit_price": 6.71,
          "unit": "ks",
          "package_size": "‪52‬ kusů",
          "condition": "Sleva"
        }
      ],
      "description": null
    },
    {
      "name": "Albert Mrkvový salát s ananasem",
      "brand": "Albert",
      "product_url": "https://wolt.com/cs/cze/prague/venue/albert-vinohradska/albert-mrkvovy-salat-s-ananasem-itemid-64ca0b7cba162577de48848b",
      "image_url": "https://imageproxy.wolt.com/menu/menu-images/64ffec4406cca0140dfab831/4458cbf0-8ec3-11ee-a286-a69629e9844e_27369715.jpg",
      "categories": [
        "OVOCE A ZELENINA",
        "HOTOVÉ SALÁTY"
      ],
      "prices": [
        {
          "store_name": "Albert",
          "price": 32.9,
          "original_price": null,
          "unit_price": 94.0,
          "unit": "Kg",
          "package_size": "350 g",
          "condition": "Vyprodáno"
        }
      ],
      "description": null
    },
    {
      "name": "Schwartau Extra džem jahodový",
      "brand": "Schwartau",
      "product_url": "https://wolt.com/cs/cze/prague/venue/albert-vinohradska/schwartau-extra-dzem-jahodovy-itemid-64ca0b7cba162577de489169",
      "image_url": "https://imageproxy.wolt.com/menu/menu-images/63ad795db242366d1f818f36/8ae8cefa-aef6-11ee-8ace-56e6821ada17_22574947.jpg",
      "categories": [
        "TRVANLIVÉ",
        "MEDY A SL. POMAZÁNKY"
      ],
      "prices": [
        {
          "store_name": "Albert",
          "price": 106.9,
          "original_price": null,
          "unit_price": 314.41,
          "unit": "Kg",
          "package_size": "340 g",
          "condition": null
        }
      ],
      "description": null
    },
    {
      "name": "Emma Čtverečky skořicové",
      "brand": "Emma",
      "product_url": "https://wolt.com/cs/cze/prague/venue/albert-vinohradska/emma-ctverecky-skoricove-itemid-64ca0b7cba162577de4883d1",
      "image_url": "https://imageproxy.wolt.com/menu/menu-images/63ad795db242366d1f818f36/3448279c-d671-11ee-84eb-06a43c8f26c8_26819525.jpg",
      "categories": [
        "TRVANLIVÉ",
        "MÜSLI A CEREÁLIE"
      ],
      "prices": [
        {
          "store_name": "Albert",
          "price": 29.9,
          "original_price": null,
          "unit_price": 119.6,
          "unit": "Kg",
          "package_size": "250 g",
          "condition": null
        }
      ],
      "description": null
    },
    {
      "name": "Albert Excellent Tapas Salám v pepřové krustě",
      "brand": "Albert Excellent",
      "product_url": "https://wolt.com/cs/cze/prague/venue/albert-vinohradska/albert-excellent-tapas-salam-v-peprove-kruste-itemid-64ca0b7cba162577de48894d",
      "image_url": "https://imageproxy.wolt.com/menu/menu-images/63ad795db242366d1f818f36/8df12154-8e26-11f0-b5e3-1a1ff9340d48_27597033.jpg",
      "categories": [
        "UZENINY A LAHŮDKY",
        "TAPAS"
      ],
      "prices": [
        {
          "store_name": "Albert",
          "price": 79.0,
          "original_price": null,
          "unit_price": 686.96,
          "unit": "Kg",
          "package_size": "115 g",
          "condition": null
        }
      ],
      "description": null
    },
    {
      "name": "Nature's Promise Bio jogurt (mix příchutí)",
      "brand": "Nature's Promise",
      "product_url": "https://wolt.com/cs/cze/prague/venue/albert-vinohradska/nature-s-promise-bio-jogurt-mix-prichuti-itemid-657233256818b938df948a12",
      "image_url": "https://imageproxy.wolt.com/menu/menu-images/64ffec4406cca0140dfab831/57419ae0-8ec2-11ee-9688-261fd742ff1a_27297094.jpg",
      "categories": [
        "MLÉČNÉ A CHLAZENÉ",
        "JOGURTY A DEZERTY"
      ],
      "prices": [
        {
          "store_name": "Albert",
          "price": null,
          "original_price": null,
          "unit_price": 86.0,
          "unit": "Kg",
          "package_size": "150 g",
          "condition": "Sleva"
        }
      ],
      "description": null
    },
    {
      "name": "Syoss Max Hold lak na vlasy 5",
      "brand": "Syoss",
      "product_url": "https://wolt.com/cs/cze/prague/venue/albert-vinohradska/syoss-max-hold-lak-na-vlasy-5-itemid-64ca0b7cba162577de489cda",
      "image_url": "https://imageproxy.wolt.com/menu/menu-images/64ffec4406cca0140dfab831/55687fea-8eb3-11ee-9718-c6aa6b123400_25012835.jpg",
      "categories": [
        "DROGERIE A KOSMETIKA",
        "PÉČE O VLASY"
      ],
      "prices": [
        {
          "store_name": "Albert",
          "price": 169.0,
          "original_price": null,
          "unit_price": 563.33,
          "unit": "l",
          "package_size": "300 ml",
          "condition": null
        }
      ],
      "description": null
    },
    {
      "name": "Country Life Bio Sirup agávový",
      "brand": "Country",
      "product_url": "https://wolt.com/cs/cze/prague/venue/albert-vinohradska/country-life-bio-sirup-agavovy-itemid-64ca0b7cba162577de48a0ef",
      "image_url": "https://imageproxy.wolt.com/menu/menu-images/64ffec4406cca0140dfab831/16711272-8eb6-11ee-96d7-02d10f7fce64_25692280.jpg",
      "categories": [
        "TRVANLIVÉ",
        "SPECIÁLNÍ"
      ],
      "prices": [
        {
          "store_name": "Albert",
          "price": null,
          "original_price": null,
          "unit_price": 259.6,
          "unit": "l",
          "package_size": "250 ml",
          "condition": "Sleva"
        }
      ],
      "description": null
    },
    {
      "name": "Franz Josef Kaiser Tuňák ve vlastní šťávě",
      "brand": "Franz Josef Kaiser",
      "product_url": "https://wolt.com/cs/cze/prague/venue/albert-vinohradska/franz-josef-kaiser-tunak-ve-vlastni-stave-itemid-64ca0b7cba162577de488fcd",
      "image_url": "https://imageproxy.wolt.com/menu/menu-images/64ffec4406cca0140dfab831/9273edb4-8ebf-11ee-87b0-62428f7ce5a3_27123546.jpg",
      "categories": [
        "TRVANLIVÉ",
        "KONZERVOVANÉ POTR."
      ],
      "prices": [
        {
          "store_name": "Albert",
          "price": 44.9,
          "original_price": null,
          "unit_price": 374.17,
          "unit": "Kg",
          "package_size": "120 g",
          "condition": null
        }
      ],
      "description": null
    },
    {
      "name": "Activia Jogurt bílý probiotický",
      "brand": "Activia",
      "product_url": "https://wolt.com/cs/cze/prague/venue/albert-vinohradska/activia-jogurt-bily-probioticky-itemid-64ca0b7cba162577de48953d",
      "image_url": "https://imageproxy.wolt.com/menu/menu-images/64ffec4406cca0140dfab831/d916bafc-8eac-11ee-b821-a2125de7b4cb_20391546.jpg",
      "categories": [
        "MLÉČNÉ A CHLAZENÉ",
        "JOGURTY A DEZERTY"
      ],
      "prices": [
        {
          "store_name": "Albert",
          "price": 18.9,
          "original_price": null,
          "unit_price": 157.5,
          "unit": "Kg",
          "package_size": "120 g",
          "condition": null
        }
      ],
      "description": null
    },
    {
      "name": "Ahmad Tea Zelený čaj",
      "brand": "Ahmad",
      "product_url": "https://wolt.com/cs/cze/prague/venue/albert-vinohradska/ahmad-tea-zeleny-caj-itemid-64ca0b7cba162577de489ee1",
      "image_url": "https://imageproxy.wolt.com/menu/menu-images/63ad795db242366d1f818f36/db0a4918-ed43-11ef-af0d-92442b4649be_25143959.jpg",
      "categories": [
        "NÁPOJE",
        "KÁVA A ČAJ"
      ],
      "prices": [
        {
          "store_name": "Albert",
          "price": 194.0,
          "original_price": null,
          "unit_price": 970.0,
          "unit": "Kg",
          "package_size": "200 g",
          "condition": null
        }
      ],
      "description": null
    },
    {
      "name": "Dr. Oetker Mák mletý",
      "brand": "Dr. Oetker",
      "product_url": "https://wolt.com/cs/cze/prague/venue/albert-vinohradska/dr-oetker-mak-mlety-itemid-66022c72a43b5f5cdfa564c6",
      "image_url": "https://imageproxy.wolt.com/menu/menu-images/63ad795db242366d1f818f36/31e05b6c-a8ea-11f0-93b5-ce6e66547488_27698471.jpg",
      "categories": [
        "TRVANLIVÉ",
        "PEČENÍ A VAŘENÍ"
      ],
      "prices": [
        {
          "store_name": "Albert",
          "price": 54.9,
          "original_price": null,
          "unit_price": 274.5,
          "unit": "Kg",
          "package_size": "200 g",
          "condition": null
        }
      ],
      "description": null
    },
    {
      "name": "Nature's Promise Pomazánka z tofu",
      "brand": "Nature's Promise",
      "product_url": "https://wolt.com/cs/cze/prague/venue/albert-vinohradska/nature-s-promise-pomazanka-z-tofu-itemid-64ca0b7cba162577de488d6b",
      "image_url": "https://imageproxy.wolt.com/menu/menu-images/64ffec4406cca0140dfab831/43e6ed84-8ebc-11ee-87e3-faffdc4b9b96_26830711.jpg",
      "categories": [
        "UZENINY A LAHŮDKY",
        "SALÁTY A POMAZÁNKY"
      ],
      "prices": [
        {
          "store_name": "Albert",
          "price": 24.9,
          "original_price": null,
          "unit_price": 249.0,
          "unit": "Kg",
          "package_size": "100 g",
          "condition": null
        }
      ],
      "description": null
    },
    {
      "name": "Bref Power Aktiv Flower WC gel",
      "brand": "Bref",
      "product_url": "https://wolt.com/cs/cze/prague/venue/albert-vinohradska/bref-power-aktiv-flower-wc-gel-itemid-64ca0b7cba162577de489d3e",
      "image_url": "https://imageproxy.wolt.com/menu/menu-images/64ffec4406cca0140dfab831/7e70a272-8eaf-11ee-84ea-a20c72ca170b_23331105.jpg",
      "categories": [
        "DROGERIE A KOSMETIKA",
        "ČISTÍCÍ PROSTŘEDKY"
      ],
      "prices": [
        {
          "store_name": "Albert",
          "price": 49.9,
          "original_price": null,
          "unit_price": 71.29,
          "unit": "l",
          "package_size": "700 ml",
          "condition": null
        }
      ],
      "description": null
    },
    {
      "name": "Albert Proteinová tyčinka s křupinkami a vanilkou",
      "brand": "Albert",
      "product_url": "https://wolt.com/cs/cze/prague/venue/albert-vinohradska/albert-proteinova-tycinka-s-krupinkami-a-vanilkou-itemid-64ca0b7cba162577de488c2d",
      "image_url": "https://imageproxy.wolt.com/menu/menu-images/64ffec4406cca0140dfab831/194718de-8ec5-11ee-876c-22bb34ae47e9_27520079.jpg",
      "categories": [
        "TRVANLIVÉ",
        "SLADKOSTI"
      ],
      "prices": [
        {
          "store_name": "Albert",
          "price": 29.9,
          "original_price": null,
          "unit_price": 598.0,
          "unit": "Kg",
          "package_size": "50 g",
          "condition": null
        }
      ],
      "description": null
    },
    {
      "name": "Albert Směs s kukuřicí",
      "brand": "Albert",
      "product_url": "https://wolt.com/cs/cze/prague/venue/albert-vinohradska/albert-smes-s-kukurici-itemid-6876153a0c6218e9f3e5f407",
      "image_url": "https://imageproxy.wolt.com/menu/menu-images/64b62ec5e5ab70cdc92e30f0/e33a6484-616e-11f0-8c8c-b2551ebe6466_24343817.jpg",
      "categories": [
        "MRAŽENÉ POTRAVINY",
        "MRAŽENÉ OVOCE A ZELENINA"
      ],
      "prices": [
        {
          "store_name": "Albert",
          "price": 26.9,
          "original_price": null,
          "unit_price": 76.86,
          "unit": "Kg",
          "package_size": "350 g",
          "condition": null
        }
      ],
      "description": null
    },
    {
      "name": "Zelí červené hlávkové",
      "brand": null,
      "product_url": "https://wolt.com/cs/cze/prague/venue/albert-vinohradska/zeli-cervene-hlavkove-itemid-68b4ae1fcac43dfc8cc206d0",
      "image_url": "https://imageproxy.wolt.com/menu/menu-images/6666a3a295b96e9eba377ef3/ddd570b8-04c3-11f0-811d-aa84b5e7acff_20450106.jpg",
      "categories": [
        "OVOCE A ZELENINA",
        "ZELENINA"
      ],
      "prices": [
        {
          "store_name": "Albert",
          "price": 49.8,
          "original_price": null,
          "unit_price": null,
          "unit": null,
          "package_size": "~2 kg",
          "condition": null
        }
      ],
      "description": null
    },
    {
      "name": "Bonduelle Vapeur Cizrna",
      "brand": "Bonduelle",
      "product_url": "https://wolt.com/cs/cze/prague/venue/albert-vinohradska/bonduelle-vapeur-cizrna-itemid-64ca0b7cba162577de4883ad",
      "image_url": "https://imageproxy.wolt.com/menu/menu-images/64ffec4406cca0140dfab831/8d68c8e8-8eb6-11ee-a5b7-02d10f7fce64_25781595.jpg",
      "categories": [
        "TRVANLIVÉ",
        "KONZERVOVANÉ POTR."
      ],
      "prices": [
        {
          "store_name": "Albert",
          "price": 29.9,
          "original_price": null,
          "unit_price": 112.83,
          "unit": "Kg",
          "package_size": "265 g",
          "condition": null
        }
      ],
      "description": null
    },
    {
      "name": "Snickers Čokoládová tyčinka",
      "brand": "Snickers",
      "product_url": "https://wolt.com/cs/cze/prague/venue/albert-vinohradska/snickers-cokoladova-tycinka-itemid-64ca0b7cba162577de488921",
      "image_url": "https://imageproxy.wolt.com/menu/menu-images/63ad795db242366d1f818f36/dccbef9a-765b-11ef-8f12-a67668f6732a_20301620.jpg",
      "categories": [
        "TRVANLIVÉ",
        "SLADKOSTI"
      ],
      "prices": [
        {
          "store_name": "Albert",
          "price": null,
          "original_price": null,
          "unit_price": 378.0,
          "unit": "Kg",
          "package_size": "50 g",
          "condition": "Sleva"
        }
      ],
      "description": null
    },
    {
      "name": "Jameson Black Barrel 40%",
      "brand": "Jameson",
      "product_url": "https://wolt.com/cs/cze/prague/venue/albert-vinohradska/jameson-black-barrel-40-itemid-657233256818b938df9485a9",
      "image_url": "https://imageproxy.wolt.com/menu/menu-images/63ad795db242366d1f818f36/11c4a47c-168e-11ef-b225-9ef1b6604b51_25692594.jpg",
      "categories": [
        "NÁPOJE",
        "LIHOVINY"
      ],
      "prices": [
        {
          "store_name": "Albert",
          "price": 599.0,
          "original_price": null,
          "unit_price": 855.71,
          "unit": "l",
          "package_size": "700 ml, 40% alc",
          "condition": "18+"
        }
      ],
      "description": null
    },
    {
      "name": "Emma Směs semínková",
      "brand": "Emma",
      "product_url": "https://wolt.com/cs/cze/prague/venue/albert-vinohradska/emma-smes-seminkova-itemid-64ca0b7cba162577de4899c2",
      "image_url": "https://imageproxy.wolt.com/menu/menu-images/63ad795db242366d1f818f36/cb6eee8a-d995-11ef-ba8d-56ce12ca9b9f_23892194.jpg",
      "categories": [
        "OVOCE A ZELENINA",
        "SUCHÉ PLODY"
      ],
      "prices": [
        {
          "store_name": "Albert",
          "price": 29.9,
          "original_price": null,
          "unit_price": 299.0,
          "unit": "Kg",
          "package_size": "100 g",
          "condition": null
        }
      ],
      "description": null
    },
    {
      "name": "Zelí bílé",
      "brand": null,
      "product_url": "https://wolt.com/cs/cze/prague/venue/albert-vinohradska/zeli-bile-itemid-68b4ae2b9b7c9d83dd479d20",
      "image_url": "https://imageproxy.wolt.com/menu/menu-images/6666a3a295b96e9eba377ef3/e47ae4c0-04c3-11f0-9f52-82a2e6c16e8d_20959326.jpg",
      "categories": [
        "OVOCE A ZELENINA",
        "ZELENINA"
      ],
      "prices": [
        {
          "store_name": "Albert",
          "price": 49.75,
          "original_price": null,
          "unit_price": null,
          "unit": null,
          "package_size": "~2,5 kg",
          "condition": null
        }
      ],
      "description": null
    },
    {
      "name": "Nature's Promise Eco Soda bikarbona",
      "brand": "Nature's Promise",
      "product_url": "https://wolt.com/cs/cze/prague/venue/albert-vinohradska/nature-s-promise-eco-soda-bikarbona-itemid-64ca0b7cba162577de4893cc",
      "image_url": "https://imageproxy.wolt.com/menu/menu-images/64ffec4406cca0140dfab831/0d73f334-8ec9-11ee-a07a-aef58f05e2b1_27736371.jpg",
      "categories": [
        "DROGERIE A KOSMETIKA",
        "PRACÍ PROSTŘEDKY"
      ],
      "prices": [
        {
          "store_name": "Albert",
          "price": null,
          "original_price": null,
          "unit_price": 59.9,
          "unit": "Kg",
          "package_size": "1 kg",
          "condition": "Sleva"
        }
      ],
      "description": null
    },
    {
      "name": "Racio Cornies kukuřičné chlebíčky, lněné semínko",
      "brand": "Racio",
      "product_url": "https://wolt.com/cs/cze/prague/venue/albert-vinohradska/racio-cornies-kukuricne-chlebicky-lnene-seminko-itemid-64ca0b7cba162577de488fa5",
      "image_url": "https://imageproxy.wolt.com/menu/menu-images/64ffec4406cca0140dfab831/cb1c11f6-8eb4-11ee-8ab8-be8c16d2d45a_25428025.jpg",
      "categories": [
        "PEKÁRNA A CUKRÁRNA",
        "RACIO A KNÄCKEBROT"
      ],
      "prices": [
        {
          "store_name": "Albert",
          "price": 25.9,
          "original_price": null,
          "unit_price": 225.22,
          "unit": "Kg",
          "package_size": "115 g",
          "condition": null
        }
      ],
      "description": null
    },
    {
      "name": "Nature's Promise Bio Skořice mletá",
      "brand": "Nature's Promise",
      "product_url": "https://wolt.com/cs/cze/prague/venue/albert-vinohradska/nature-s-promise-bio-skorice-mleta-itemid-681b5abffcbd67bf7a8f49db",
      "image_url": "https://imageproxy.wolt.com/menu/menu-images/63ad795db242366d1f818f36/a01d3076-2b47-11f0-8634-c2b8b86e4134_27938669.jpg",
      "categories": [
        "TRVANLIVÉ",
        "KOŘENÍ A OCHUCOVADLA"
      ],
      "prices": [
        {
          "store_name": "Albert",
          "price": null,
          "original_price": null,
          "unit_price": 793.33,
          "unit": "Kg",
          "package_size": "15 g",
          "condition": "Sleva"
        }
      ],
      "description": null
    },
    {
      "name": "Desperados Original",
      "brand": "Desperados",
      "product_url": "https://wolt.com/cs/cze/prague/venue/albert-vinohradska/desperados-original-itemid-64ca0b7cba162577de489631",
      "image_url": "https://imageproxy.wolt.com/menu/menu-images/64ffec4406cca0140dfab831/83a62f40-92e3-11ee-8187-2a7ab05ad18b_26660561.jpg",
      "categories": [
        "NÁPOJE",
        "PIVA"
      ],
      "prices": [
        {
          "store_name": "Albert",
          "price": 34.9,
          "original_price": null,
          "unit_price": 69.8,
          "unit": "l",
          "package_size": "500 ml, 5,9% alc",
          "condition": "18+"
        }
      ],
      "description": null
    },
    {
      "name": "Moët & Chandon Impérial Champagne Brut",
      "brand": "Moët",
      "product_url": "https://wolt.com/cs/cze/prague/venue/albert-vinohradska/moet-chandon-imperial-champagne-brut-itemid-657233256818b938df947f0d",
      "image_url": "https://imageproxy.wolt.com/menu/menu-images/64ffec4406cca0140dfab831/91ed3c9a-8eb2-11ee-b43a-2a867062f6f7_24824309.jpg",
      "categories": [
        "NÁPOJE",
        "VÍNA"
      ],
      "prices": [
        {
          "store_name": "Albert",
          "price": 1399.0,
          "original_price": null,
          "unit_price": 1865.33,
          "unit": "l",
          "package_size": "750 ml, 12,5% alc",
          "condition": "18+, Vyprodáno"
        }
      ],
      "description": null
    },
    {
      "name": "Hami Rizoto s krůtím, cuketou a hráškem",
      "brand": "Hami",
      "product_url": "https://wolt.com/cs/cze/prague/venue/albert-vinohradska/hami-rizoto-s-krutim-cuketou-a-hraskem-itemid-64ca0b7cba162577de489ed1",
      "image_url": "https://imageproxy.wolt.com/menu/menu-images/64ffec4406cca0140dfab831/8a2a36aa-8eaf-11ee-ae77-faa0c7b9848f_23350076.jpg",
      "categories": [
        "DÍTĚ",
        "VÝŽIVA"
      ],
      "prices": [
        {
          "store_name": "Albert",
          "price": 31.9,
          "original_price": null,
          "unit_price": 127.6,
          "unit": "Kg",
          "package_size": "250 g",
          "condition": null
        }
      ],
      "description": null
    },
    {
      "name": "Felix Party Mix Mixed Grill pamlsky pro kočky",
      "brand": "Felix",
      "product_url": "https://wolt.com/cs/cze/prague/venue/albert-vinohradska/felix-party-mix-mixed-grill-pamlsky-pro-kocky-itemid-660210a9428363e8e375e0cd",
      "image_url": "https://imageproxy.wolt.com/menu/menu-images/63ad795db242366d1f818f36/35eaaca8-26ff-11ef-97b4-323115e33660_25625103.jpg",
      "categories": [
        "ZVÍŘATA",
        "KOČKY"
      ],
      "prices": [
        {
          "store_name": "Albert",
          "price": 29.9,
          "original_price": null,
          "unit_price": 498.33,
          "unit": "Kg",
          "package_size": "60 g",
          "condition": null
        }
      ],
      "description": null
    },
    {
      "name": "Božkov Vodka 37,5%",
      "brand": "Božkov",
      "product_url": "https://wolt.com/cs/cze/prague/venue/albert-vinohradska/bozkov-vodka-37-5-itemid-64ca0b7cba162577de488b2d",
      "image_url": "https://imageproxy.wolt.com/menu/menu-images/64ffec4406cca0140dfab831/983bf6aa-8eac-11ee-9811-6acfb8ed3f7f_20315696.jpg",
      "categories": [
        "NÁPOJE",
        "LIHOVINY"
      ],
      "prices": [
        {
          "store_name": "Albert",
          "price": 179.0,
          "original_price": null,
          "unit_price": 358.0,
          "unit": "l",
          "package_size": "500 ml, 37,5% alc",
          "condition": "18+"
        }
      ],
      "description": null
    },
    {
      "name": "Mleté maso mix, vepřové a hovězí 30 % tuku",
      "brand": "Mleté",
      "product_url": "https://wolt.com/cs/cze/prague/venue/albert-vinohradska/mlete-maso-mix-veprove-a-hovezi-30-tuku-itemid-64ca0b7cba162577de4883af",
      "image_url": "https://imageproxy.wolt.com/menu/menu-images/63ad795db242366d1f818f36/43d9138a-7826-11f0-9acb-fe9ea56c605a_26640686.jpg",
      "categories": [
        "MASO A RYBY",
        "MLETÉ MASO"
      ],
      "prices": [
        {
          "store_name": "Albert",
          "price": 74.9,
          "original_price": null,
          "unit_price": 187.25,
          "unit": "Kg",
          "package_size": "400 g",
          "condition": null
        }
      ],
      "description": null
    },
    {
      "name": "Zlaté kuře stehna chlazená",
      "brand": null,
      "product_url": "https://wolt.com/cs/cze/prague/venue/albert-vinohradska/zlate-kure-stehna-chlazena-itemid-64ca0b7cba162577de48988b",
      "image_url": "https://imageproxy.wolt.com/menu/menu-images/64ffec4406cca0140dfab831/6a40dab8-8eb1-11ee-8d7a-b287692f5450_24364874.jpg",
      "categories": [
        "MASO A RYBY",
        "DRŮBEŽ"
      ],
      "prices": [
        {
          "store_name": "Albert",
          "price": 87.45,
          "original_price": null,
          "unit_price": null,
          "unit": null,
          "package_size": null,
          "condition": null
        }
      ],
      "description": null
    },
    {
      "name": "Okurky",
      "brand": null,
      "product_url": "https://wolt.com/cs/cze/prague/venue/albert-vinohradska/okurky-itemid-657233256818b938df9486bd",
      "image_url": "https://imageproxy.wolt.com/menu/menu-images/63ad795db242366d1f818f36/106bf100-d671-11ee-9020-0203baeb71ee_22985279.jpg",
      "categories": [
        "TRVANLIVÉ",
        "KONZERVOVANÉ POTR."
      ],
      "prices": [
        {
          "store_name": "Albert",
          "price": 39.9,
          "original_price": null,
          "unit_price": 153.46,
          "unit": "Kg",
          "package_size": "260 g",
          "condition": null
        }
      ],
      "description": null
    },
    {
      "name": "Finish Powerball Power All in 1 Tablety do myčky",
      "brand": "Finish",
      "product_url": "https://wolt.com/cs/cze/prague/venue/albert-vinohradska/finish-powerball-power-all-in-1-tablety-do-mycky-itemid-657233256818b938df9488dc",
      "image_url": "https://imageproxy.wolt.com/menu/menu-images/63ad795db242366d1f818f36/61ad8714-4e4d-11ef-b911-9aeb66e479d1_27164594.jpg",
      "categories": [
        "DROGERIE A KOSMETIKA",
        "ČISTÍCÍ PROSTŘEDKY"
      ],
      "prices": [
        {
          "store_name": "Albert",
          "price": 389.0,
          "original_price": null,
          "unit_price": 4.86,
          "unit": "ks",
          "package_size": "‪80‬ kusů",
          "condition": null
        }
      ],
      "description": null
    },
    {
      "name": "Jizerské pekárny Směs Jizerka univerzál bezlep.",
      "brand": "Jizerské",
      "product_url": "https://wolt.com/cs/cze/prague/venue/albert-vinohradska/jizerske-pekarny-smes-jizerka-univerzal-bezlep-itemid-64ca0b7cba162577de4898cc",
      "image_url": "https://imageproxy.wolt.com/menu/menu-images/64ffec4406cca0140dfab831/5b3032ea-8eb5-11ee-bf5f-3a1814765055_25539127.jpg",
      "categories": [
        "TRVANLIVÉ",
        "PEČENÍ A VAŘENÍ"
      ],
      "prices": [
        {
          "store_name": "Albert",
          "price": null,
          "original_price": null,
          "unit_price": 69.9,
          "unit": "Kg",
          "package_size": "1 kg",
          "condition": "Sleva"
        }
      ],
      "description": null
    },
    {
      "name": "Clin Windows & Glass čistič tvrdých povrchů",
      "brand": "Clin",
      "product_url": "https://wolt.com/cs/cze/prague/venue/albert-vinohradska/clin-windows-glass-cistic-tvrdych-povrchu-itemid-64ca0b7cba162577de488e29",
      "image_url": "https://imageproxy.wolt.com/menu/menu-images/64ffec4406cca0140dfab831/3298ed52-8ead-11ee-9872-067f756def6c_20687830.jpg",
      "categories": [
        "DOMÁCNOST A ZAHRADA",
        "ÚKLIDOVÉ POTŘEBY"
      ],
      "prices": [
        {
          "store_name": "Albert",
          "price": null,
          "original_price": null,
          "unit_price": 115.8,
          "unit": "l",
          "package_size": "500 ml",
          "condition": "Sleva"
        }
      ],
      "description": null
    },
    {
      "name": "Kostelecké Uzeniny Poctivé párky vídeňské",
      "brand": "Kostelecké",
      "product_url": "https://wolt.com/cs/cze/prague/venue/albert-vinohradska/kostelecke-uzeniny-poctive-parky-videnske-itemid-64ca0b7cba162577de48831b",
      "image_url": "https://imageproxy.wolt.com/menu/menu-images/64ffec4406cca0140dfab831/6781e150-8eb6-11ee-90e2-eadf6ce36c9d_25740929.jpg",
      "categories": [
        "UZENINY A LAHŮDKY",
        "PÁRKY A KLOBÁSY"
      ],
      "prices": [
        {
          "store_name": "Albert",
          "price": 77.9,
          "original_price": null,
          "unit_price": 432.78,
          "unit": "Kg",
          "package_size": "180 g",
          "condition": null
        }
      ],
      "description": null
    },
    {
      "name": "Opavia Zlaté Kolečka s kokosem",
      "brand": "Opavia",
      "product_url": "https://wolt.com/cs/cze/prague/venue/albert-vinohradska/opavia-zlate-kolecka-s-kokosem-itemid-64ca0b7cba162577de488293",
      "image_url": "https://imageproxy.wolt.com/menu/menu-images/64ffec4406cca0140dfab831/c681b5ca-8eb3-11ee-a561-8e381a14ed80_25140828.jpg",
      "categories": [
        "TRVANLIVÉ",
        "SLADKOSTI"
      ],
      "prices": [
        {
          "store_name": "Albert",
          "price": 49.9,
          "original_price": null,
          "unit_price": 341.78,
          "unit": "Kg",
          "package_size": "146 g",
          "condition": null
        }
      ],
      "description": null
    },
    {
      "name": "Albert Směs polévková zeleninová",
      "brand": "Albert",
      "product_url": "https://wolt.com/cs/cze/prague/venue/albert-vinohradska/albert-smes-polevkova-zeleninova-itemid-6876153a0c6218e9f3e5f44a",
      "image_url": "https://imageproxy.wolt.com/menu/menu-images/64b62ec5e5ab70cdc92e30f0/091546ba-616f-11f0-901b-0e6ec821f888_27135839.jpg",
      "categories": [
        "MRAŽENÉ POTRAVINY",
        "MRAŽENÉ OVOCE A ZELENINA"
      ],
      "prices": [
        {
          "store_name": "Albert",
          "price": 22.9,
          "original_price": null,
          "unit_price": 65.43,
          "unit": "Kg",
          "package_size": "350 g",
          "condition": null
        }
      ],
      "description": null
    },
    {
      "name": "Grom Gelato Pistácie",
      "brand": "Grom",
      "product_url": "https://wolt.com/cs/cze/prague/venue/albert-vinohradska/grom-gelato-pistacie-itemid-6876153a0c6218e9f3e5f458",
      "image_url": "https://imageproxy.wolt.com/menu/menu-images/64b62ec5e5ab70cdc92e30f0/131cc5ac-616f-11f0-8239-228b829f570a_27201138.jpg",
      "categories": [
        "MRAŽENÉ POTRAVINY",
        "ZMRZLINA A NANUKY"
      ],
      "prices": [
        {
          "store_name": "Albert",
          "price": 179.0,
          "original_price": null,
          "unit_price": 389.13,
          "unit": "l",
          "package_size": "460 ml",
          "condition": null
        }
      ],
      "description": null
    },
    {
      "name": "Camel Yellow filtry",
      "brand": "Camel",
      "product_url": "https://wolt.com/cs/cze/prague/venue/albert-vinohradska/camel-yellow-filtry-itemid-64ca0b7cba162577de488c01",
      "image_url": "https://imageproxy.wolt.com/menu/menu-images/64ffec4406cca0140dfab831/7bef3a66-8eb1-11ee-a30a-3a1814765055_24387521.jpg",
      "categories": [
        "DOMÁCNOST A ZAHRADA",
        "CIGARETY"
      ],
      "prices": [
        {
          "store_name": "Albert",
          "price": 168.0,
          "original_price": null,
          "unit_price": 168.0,
          "unit": "ks",
          "package_size": "‪1‬ kus",
          "condition": "18+"
        }
      ],
      "description": null
    },
    {
      "name": "Božkov Jemná 30%",
      "brand": "Božkov",
      "product_url": "https://wolt.com/cs/cze/prague/venue/albert-vinohradska/bozkov-jemna-30-itemid-64ca0b7cba162577de48a650",
      "image_url": "https://imageproxy.wolt.com/menu/menu-images/64ffec4406cca0140dfab831/cae25c5a-8ec7-11ee-a29f-9a1f6ae41663_27682319.jpg",
      "categories": [
        "NÁPOJE",
        "LIHOVINY"
      ],
      "prices": [
        {
          "store_name": "Albert",
          "price": 149.9,
          "original_price": null,
          "unit_price": 299.8,
          "unit": "l",
          "package_size": "500 ml, 30% alc",
          "condition": "18+"
        }
      ],
      "description": null
    },
    {
      "name": "Nature's Promise Bio Vločky špaldové",
      "brand": "Nature's Promise",
      "product_url": "https://wolt.com/cs/cze/prague/venue/albert-vinohradska/nature-s-promise-bio-vlocky-spaldove-itemid-64ca0b7cba162577de48a166",
      "image_url": "https://imageproxy.wolt.com/menu/menu-images/63ad795db242366d1f818f36/8c8c6538-10f7-11ef-acd2-4ebd5d5eb315_26848860.jpg",
      "categories": [
        "TRVANLIVÉ",
        "PEČENÍ A VAŘENÍ"
      ],
      "prices": [
        {
          "store_name": "Albert",
          "price": 23.9,
          "original_price": null,
          "unit_price": 79.67,
          "unit": "Kg",
          "package_size": "300 g",
          "condition": null
        }
      ],
      "description": null
    },
    {
      "name": "Hansplast Náplast voděodolná",
      "brand": "Hansplast",
      "product_url": "https://wolt.com/cs/cze/prague/venue/albert-vinohradska/hansplast-naplast-vodeodolna-itemid-64ca0b7cba162577de489d1a",
      "image_url": "https://imageproxy.wolt.com/menu/menu-images/64ffec4406cca0140dfab831/a863beee-8eae-11ee-bd4d-fe16b6783abc_22642066.jpg",
      "categories": [
        "DROGERIE A KOSMETIKA",
        "ZDRAVÍ"
      ],
      "prices": [
        {
          "store_name": "Albert",
          "price": 39.9,
          "original_price": null,
          "unit_price": 3.99,
          "unit": "ks",
          "package_size": "‪10‬ kusů",
          "condition": null
        }
      ],
      "description": null
    },
    {
      "name": "Whiskas Tasty Mix krémové menu ve šťávě",
      "brand": "Whiskas",
      "product_url": "https://wolt.com/cs/cze/prague/venue/albert-vinohradska/whiskas-tasty-mix-kremove-menu-ve-stave-itemid-6602071baf091defeca0526b",
      "image_url": "https://imageproxy.wolt.com/menu/menu-images/6601c613e48d1c8d95333085/eca24d2c-eae4-11ee-a61f-c27cc33af372_27729595.jpg",
      "categories": [
        "ZVÍŘATA",
        "KOČKY"
      ],
      "prices": [
        {
          "store_name": "Albert",
          "price": 67.9,
          "original_price": null,
          "unit_price": 199.71,
          "unit": "Kg",
          "package_size": "340 g",
          "condition": null
        }
      ],
      "description": null
    },
    {
      "name": "Bohemia Sekt Brut",
      "brand": "Bohemia",
      "product_url": "https://wolt.com/cs/cze/prague/venue/albert-vinohradska/bohemia-sekt-brut-itemid-64ca0b7cba162577de488a7d",
      "image_url": "https://imageproxy.wolt.com/menu/menu-images/64ffec4406cca0140dfab831/0f8a21fa-8ead-11ee-b20f-f2309c23f2b6_20454289.jpg",
      "categories": [
        "NÁPOJE",
        "VÍNA"
      ],
      "prices": [
        {
          "store_name": "Albert",
          "price": 179.0,
          "original_price": null,
          "unit_price": 238.67,
          "unit": "l",
          "package_size": "750 ml, 11,5% alc",
          "condition": "18+"
        }
      ],
      "description": null
    },
    {
      "name": "Albert Sýrové korbáčky uzené",
      "brand": "Albert",
      "product_url": "https://wolt.com/cs/cze/prague/venue/albert-vinohradska/albert-syrove-korbacky-uzene-itemid-657233256818b938df947c41",
      "image_url": "https://imageproxy.wolt.com/menu/menu-images/64ffec4406cca0140dfab831/d7d70456-8ec7-11ee-958f-22bb34ae47e9_27685358.jpg",
      "categories": [
        "MLÉČNÉ A CHLAZENÉ",
        "SÝRY"
      ],
      "prices": [
        {
          "store_name": "Albert",
          "price": 38.9,
          "original_price": null,
          "unit_price": 486.25,
          "unit": "Kg",
          "package_size": "80 g",
          "condition": null
        }
      ],
      "description": null
    },
    {
      "name": "Nivea Pearl & Beauty Antiperspirant sprej",
      "brand": "Nivea",
      "product_url": "https://wolt.com/cs/cze/prague/venue/albert-vinohradska/nivea-pearl-beauty-antiperspirant-sprej-itemid-6601e1191f66463b59292e81",
      "image_url": "https://imageproxy.wolt.com/menu/menu-images/6601c613e48d1c8d95333085/70d91b96-eae2-11ee-8c43-daa57e6835e8_24169363.jpg",
      "categories": [
        "DROGERIE A KOSMETIKA",
        "DEODORANTY"
      ],
      "prices": [
        {
          "store_name": "Albert",
          "price": 89.9,
          "original_price": null,
          "unit_price": 599.33,
          "unit": "l",
          "package_size": "150 ml",
          "condition": null
        }
      ],
      "description": null
    },
    {
      "name": "Dr. Devil Sunset Blossom WC blok",
      "brand": "Dr",
      "product_url": "https://wolt.com/cs/cze/prague/venue/albert-vinohradska/dr-devil-sunset-blossom-wc-blok-itemid-657233256818b938df94801c",
      "image_url": "https://imageproxy.wolt.com/menu/menu-images/64ffec4406cca0140dfab831/6a324f02-8eb6-11ee-b67e-ca3c3355ab39_25743715.jpg",
      "categories": [
        "DROGERIE A KOSMETIKA",
        "ČISTÍCÍ PROSTŘEDKY"
      ],
      "prices": [
        {
          "store_name": "Albert",
          "price": 99.9,
          "original_price": null,
          "unit_price": 1332.0,
          "unit": "l",
          "package_size": "75 ml",
          "condition": null
        }
      ],
      "description": null
    },
    {
      "name": "L'OR Crema Absolu zrnková káva",
      "brand": "L'OR",
      "product_url": "https://wolt.com/cs/cze/prague/venue/albert-vinohradska/l-or-crema-absolu-zrnkova-kava-itemid-64ca0b7cba162577de48a0fc",
      "image_url": "https://imageproxy.wolt.com/menu/menu-images/64ffec4406cca0140dfab831/44e1d376-8ebb-11ee-b0af-1ec840397d06_26759593.jpg",
      "categories": [
        "NÁPOJE",
        "KÁVA A ČAJ"
      ],
      "prices": [
        {
          "store_name": "Albert",
          "price": 399.0,
          "original_price": null,
          "unit_price": 798.0,
          "unit": "Kg",
          "package_size": "500 g",
          "condition": null
        }
      ],
      "description": null
    },
    {
      "name": "Nature's Promise Bio Pomerančová šťáva 100%",
      "brand": "Nature's Promise",
      "product_url": "https://wolt.com/cs/cze/prague/venue/albert-vinohradska/nature-s-promise-bio-pomerancova-stava-100-itemid-64ca0b7cba162577de488c43",
      "image_url": "https://imageproxy.wolt.com/menu/menu-images/64ffec4406cca0140dfab831/83a52b7c-92e3-11ee-8587-1e21ecd215b8_26954660.jpg",
      "categories": [
        "NÁPOJE",
        "DŽUSY A NEKTARY"
      ],
      "prices": [
        {
          "store_name": "Albert",
          "price": 129.9,
          "original_price": null,
          "unit_price": 129.9,
          "unit": "l",
          "package_size": "1 l",
          "condition": null
        }
      ],
      "description": null
    },
    {
      "name": "Alpro Ovesný nápoj neslazený",
      "brand": "Alpro",
      "product_url": "https://wolt.com/cs/cze/prague/venue/albert-vinohradska/alpro-ovesny-napoj-neslazeny-itemid-657233256818b938df948b11",
      "image_url": "https://imageproxy.wolt.com/menu/menu-images/63ad795db242366d1f818f36/5a5b2088-d671-11ee-b588-f69d49f3102c_27784495.jpg",
      "categories": [
        "MLÉČNÉ A CHLAZENÉ",
        "ROSTLINNÉ PRODUKTY"
      ],
      "prices": [
        {
          "store_name": "Albert",
          "price": 86.9,
          "original_price": null,
          "unit_price": 86.9,
          "unit": "l",
          "package_size": "1 l",
          "condition": null
        }
      ],
      "description": null
    },
    {
      "name": "NUTRILON Advanced 1 počáteční kojenecké mléko",
      "brand": "NUTRILON",
      "product_url": "https://wolt.com/cs/cze/prague/venue/albert-vinohradska/nutrilon-advanced-1-pocatecni-kojenecke-mleko-itemid-64ca0b7cba162577de489be8",
      "image_url": "https://imageproxy.wolt.com/menu/menu-images/63ad795db242366d1f818f36/cfbd8476-ed43-11ef-9ab4-92442b4649be_24486484.jpg",
      "categories": [
        "DÍTĚ",
        "VÝŽIVA"
      ],
      "prices": [
        {
          "store_name": "Albert",
          "price": 469.0,
          "original_price": null,
          "unit_price": 586.25,
          "unit": "Kg",
          "package_size": "800 g",
          "condition": null
        }
      ],
      "description": null
    },
    {
      "name": "Dr. Oetker Krémová náplň příchuť vanilka",
      "brand": "Dr. Oetker",
      "product_url": "https://wolt.com/cs/cze/prague/venue/albert-vinohradska/dr-oetker-kremova-napln-prichut-vanilka-itemid-64ca0b7cba162577de489d7f",
      "image_url": "https://imageproxy.wolt.com/menu/menu-images/63ad795db242366d1f818f36/ee8d11ac-a8e9-11f0-a2df-0642014fd71d_21173219.jpg",
      "categories": [
        "TRVANLIVÉ",
        "PEČENÍ A VAŘENÍ"
      ],
      "prices": [
        {
          "store_name": "Albert",
          "price": 39.9,
          "original_price": null,
          "unit_price": 613.85,
          "unit": "Kg",
          "package_size": "65 g",
          "condition": null
        }
      ],
      "description": null
    },
    {
      "name": "Česká chuť Pomazánka pikantní sýrová",
      "brand": "Česká chuť",
      "product_url": "https://wolt.com/cs/cze/prague/venue/albert-vinohradska/ceska-chut-pomazanka-pikantni-syrova-itemid-64ca0b7cba162577de4880a9",
      "image_url": "https://imageproxy.wolt.com/menu/menu-images/63ad795db242366d1f818f36/524ff842-bbe4-11ef-a2d6-ae8d37623f3f_26830988.jpg",
      "categories": [
        "UZENINY A LAHŮDKY",
        "SALÁTY A POMAZÁNKY"
      ],
      "prices": [
        {
          "store_name": "Albert",
          "price": null,
          "original_price": null,
          "unit_price": 157.33,
          "unit": "Kg",
          "package_size": "150 g",
          "condition": "Sleva"
        }
      ],
      "description": null
    },
    {
      "name": "Nature's Promise Zelený čaj malina&agáve",
      "brand": "Nature's Promise",
      "product_url": "https://wolt.com/cs/cze/prague/venue/albert-vinohradska/nature-s-promise-zeleny-caj-malina-agave-itemid-657233256818b938df948705",
      "image_url": "https://imageproxy.wolt.com/menu/menu-images/63ad795db242366d1f818f36/777a4964-8e26-11f0-85ae-6631d6848433_27117040.jpg",
      "categories": [
        "NÁPOJE",
        "KÁVA A ČAJ"
      ],
      "prices": [
        {
          "store_name": "Albert",
          "price": 49.9,
          "original_price": null,
          "unit_price": 99.8,
          "unit": "l",
          "package_size": "500 ml",
          "condition": null
        }
      ],
      "description": null
    },
    {
      "name": "Nature's Promise Bio Hovězí burger",
      "brand": "Nature's Promise",
      "product_url": "https://wolt.com/cs/cze/prague/venue/albert-vinohradska/nature-s-promise-bio-hovezi-burger-itemid-64ca0b7cba162577de48a41f",
      "image_url": "https://imageproxy.wolt.com/menu/menu-images/6745ec28c3b7723db3588430/5fcef8ae-eb01-11f0-b842-d2ef03531271_27425886.jpg",
      "categories": [
        "MASO A RYBY",
        "HOVĚZÍ A TELECÍ"
      ],
      "prices": [
        {
          "store_name": "Albert",
          "price": null,
          "original_price": null,
          "unit_price": 345.77,
          "unit": "Kg",
          "package_size": "260 g",
          "condition": "Sleva"
        }
      ],
      "description": null
    },
    {
      "name": "Emma Brusnice",
      "brand": "Emma",
      "product_url": "https://wolt.com/cs/cze/prague/venue/albert-vinohradska/emma-brusnice-itemid-64ca0b7cba162577de488ffa",
      "image_url": "https://imageproxy.wolt.com/menu/menu-images/63ad795db242366d1f818f36/210ae4b2-d671-11ee-a203-16f9a5e30cab_24983099.jpg",
      "categories": [
        "OVOCE A ZELENINA",
        "SUCHÉ PLODY"
      ],
      "prices": [
        {
          "store_name": "Albert",
          "price": 32.9,
          "original_price": null,
          "unit_price": 329.0,
          "unit": "Kg",
          "package_size": "100 g",
          "condition": null
        }
      ],
      "description": null
    },
    {
      "name": "Bonduelle Hrášek v mírně slaném nálevu",
      "brand": "Bonduelle",
      "product_url": "https://wolt.com/cs/cze/prague/venue/albert-vinohradska/bonduelle-hrasek-v-mirne-slanem-nalevu-itemid-64ca0b7cba162577de488059",
      "image_url": "https://imageproxy.wolt.com/menu/menu-images/63ad795db242366d1f818f36/c56f18be-7825-11f0-afd9-8af562177a90_20323691.jpg",
      "categories": [
        "TRVANLIVÉ",
        "KONZERVOVANÉ POTR."
      ],
      "prices": [
        {
          "store_name": "Albert",
          "price": 24.9,
          "original_price": null,
          "unit_price": 62.25,
          "unit": "Kg",
          "package_size": "400 g",
          "condition": null
        }
      ],
      "description": null
    },
    {
      "name": "Teekanne Zelený čaj Opuncia",
      "brand": "Teekanne",
      "product_url": "https://wolt.com/cs/cze/prague/venue/albert-vinohradska/teekanne-zeleny-caj-opuncia-itemid-64ca0b7cba162577de489532",
      "image_url": "https://imageproxy.wolt.com/menu/menu-images/64ffec4406cca0140dfab831/d84f2d06-8ead-11ee-849d-faa0c7b9848f_21367328.jpg",
      "categories": [
        "NÁPOJE",
        "KÁVA A ČAJ"
      ],
      "prices": [
        {
          "store_name": "Albert",
          "price": 44.9,
          "original_price": null,
          "unit_price": 1282.86,
          "unit": "Kg",
          "package_size": "35 g",
          "condition": null
        }
      ],
      "description": null
    },
    {
      "name": "Mlékárna Kunín Termix s kakaovou příchutí",
      "brand": "Mlékárna Kunín",
      "product_url": "https://wolt.com/cs/cze/prague/venue/albert-vinohradska/mlekarna-kunin-termix-s-kakaovou-prichuti-itemid-64ca0b7cba162577de48820d",
      "image_url": "https://imageproxy.wolt.com/menu/menu-images/64ffec4406cca0140dfab831/aa222de6-8eaf-11ee-a501-3e53a922e9b0_23452701.jpg",
      "categories": [
        "MLÉČNÉ A CHLAZENÉ",
        "JOGURTY A DEZERTY"
      ],
      "prices": [
        {
          "store_name": "Albert",
          "price": 15.9,
          "original_price": null,
          "unit_price": 176.67,
          "unit": "Kg",
          "package_size": "90 g",
          "condition": null
        }
      ],
      "description": null
    },
    {
      "name": "Zott Monte Mléčný dezert čokoládový",
      "brand": "Zott",
      "product_url": "https://wolt.com/cs/cze/prague/venue/albert-vinohradska/zott-monte-mlecny-dezert-cokoladovy-itemid-64ca0b7cba162577de4892d8",
      "image_url": "https://imageproxy.wolt.com/menu/menu-images/64ffec4406cca0140dfab831/e987fa1a-8ec3-11ee-ae51-2289f94b8ae4_27431382.jpg",
      "categories": [
        "MLÉČNÉ A CHLAZENÉ",
        "JOGURTY A DEZERTY"
      ],
      "prices": [
        {
          "store_name": "Albert",
          "price": 23.0,
          "original_price": null,
          "unit_price": 115.0,
          "unit": "Kg",
          "package_size": "200 g",
          "condition": "Vyprodáno"
        }
      ],
      "description": null
    },
    {
      "name": "Dr. Oetker Puding premium vanilkový",
      "brand": "Dr. Oetker",
      "product_url": "https://wolt.com/cs/cze/prague/venue/albert-vinohradska/dr-oetker-puding-premium-vanilkovy-itemid-64ca0b7cba162577de48950b",
      "image_url": "https://imageproxy.wolt.com/menu/menu-images/63ad795db242366d1f818f36/030b538c-a8ea-11f0-b46d-82afdeeef92c_25064544.jpg",
      "categories": [
        "TRVANLIVÉ",
        "PEČENÍ A VAŘENÍ"
      ],
      "prices": [
        {
          "store_name": "Albert",
          "price": 19.9,
          "original_price": null,
          "unit_price": 497.5,
          "unit": "Kg",
          "package_size": "40 g",
          "condition": null
        }
      ],
      "description": null
    },
    {
      "name": "Softé Tekuté mýdlo aloe vera",
      "brand": "Softé",
      "product_url": "https://wolt.com/cs/cze/prague/venue/albert-vinohradska/softe-tekute-mydlo-aloe-vera-itemid-657233256818b938df947cf8",
      "image_url": "https://imageproxy.wolt.com/menu/menu-images/64ffec4406cca0140dfab831/cfa5ea48-8ec4-11ee-bd36-fe512f326f5c_27496084.jpg",
      "categories": [
        "DROGERIE A KOSMETIKA",
        "MÝDLA A GELY"
      ],
      "prices": [
        {
          "store_name": "Albert",
          "price": 26.9,
          "original_price": null,
          "unit_price": 53.8,
          "unit": "l",
          "package_size": "500 ml",
          "condition": null
        }
      ],
      "description": null
    },
    {
      "name": "Vepřová pečeně na kámen",
      "brand": null,
      "product_url": "https://wolt.com/cs/cze/prague/venue/albert-vinohradska/veprova-pecene-na-kamen-itemid-64ca0b7cba162577de48892f",
      "image_url": "https://imageproxy.wolt.com/menu/menu-images/64ffec4406cca0140dfab831/0b73ffc8-8eb2-11ee-8851-224a9e8cb6c6_24646871.jpg",
      "categories": [
        "MASO A RYBY",
        "VEPŘOVÉ"
      ],
      "prices": [
        {
          "store_name": "Albert",
          "price": 87.02,
          "original_price": null,
          "unit_price": null,
          "unit": null,
          "package_size": null,
          "condition": null
        }
      ],
      "description": null
    },
    {
      "name": "Dobrá vejce 3 cereálií",
      "brand": "Dobrá",
      "product_url": "https://wolt.com/cs/cze/prague/venue/albert-vinohradska/dobra-vejce-3-cerealii-itemid-64ca0b7cba162577de48957d",
      "image_url": "https://imageproxy.wolt.com/menu/menu-images/64ffec4406cca0140dfab831/25fbab6e-8eaf-11ee-b83f-fe16b6783abc_23152427.jpg",
      "categories": [
        "MLÉČNÉ A CHLAZENÉ",
        "VEJCE A DROŽDÍ"
      ],
      "prices": [
        {
          "store_name": "Albert",
          "price": 69.9,
          "original_price": null,
          "unit_price": 11.65,
          "unit": "ks",
          "package_size": "‪6‬ kusů",
          "condition": null
        }
      ],
      "description": null
    },
    {
      "name": "Spak Bylinkový dressing s jogurtem",
      "brand": "Spak",
      "product_url": "https://wolt.com/cs/cze/prague/venue/albert-vinohradska/spak-bylinkovy-dressing-s-jogurtem-itemid-64ca0b7cba162577de489887",
      "image_url": "https://imageproxy.wolt.com/menu/menu-images/63ad795db242366d1f818f36/8e8fa26e-be3e-11f0-a03c-262503d8c64e_23571822.jpg",
      "categories": [
        "TRVANLIVÉ",
        "KEČUPY A HOŘČICE"
      ],
      "prices": [
        {
          "store_name": "Albert",
          "price": 69.9,
          "original_price": null,
          "unit_price": 279.6,
          "unit": "Kg",
          "package_size": "250 g",
          "condition": null
        }
      ],
      "description": null
    },
    {
      "name": "Vodňanské kuře Kuřecí párky se sýrem",
      "brand": "Vodňanské",
      "product_url": "https://wolt.com/cs/cze/prague/venue/albert-vinohradska/vodnanske-kure-kureci-parky-se-syrem-itemid-64ca0b7cba162577de488fd4",
      "image_url": "https://imageproxy.wolt.com/menu/menu-images/64ffec4406cca0140dfab831/8b7e5ccc-8eb7-11ee-9777-1e9e4c6f0bda_25959420.jpg",
      "categories": [
        "UZENINY A LAHŮDKY",
        "PÁRKY A KLOBÁSY"
      ],
      "prices": [
        {
          "store_name": "Albert",
          "price": null,
          "original_price": null,
          "unit_price": 134.14,
          "unit": "Kg",
          "package_size": "290 g",
          "condition": "Sleva"
        }
      ],
      "description": null
    },
    {
      "name": "DZH Strouhaný sýr speciál 48%",
      "brand": "DZH",
      "product_url": "https://wolt.com/cs/cze/prague/venue/albert-vinohradska/dzh-strouhany-syr-special-48-itemid-64ca0b7cba162577de489af1",
      "image_url": "https://imageproxy.wolt.com/menu/menu-images/64ffec4406cca0140dfab831/c986f920-8eb7-11ee-b93f-c64f1deb8de2_26058757.jpg",
      "categories": [
        "MLÉČNÉ A CHLAZENÉ",
        "SÝRY"
      ],
      "prices": [
        {
          "store_name": "Albert",
          "price": 69.9,
          "original_price": null,
          "unit_price": 349.5,
          "unit": "Kg",
          "package_size": "200 g",
          "condition": null
        }
      ],
      "description": null
    },
    {
      "name": "Pedigree Konzervy s hovězím v želé",
      "brand": "Pedigree",
      "product_url": "https://wolt.com/cs/cze/prague/venue/albert-vinohradska/pedigree-konzervy-s-hovezim-v-zele-itemid-64ca0b7cba162577de489efc",
      "image_url": "https://imageproxy.wolt.com/menu/menu-images/64ffec4406cca0140dfab831/7c77dfc4-8eac-11ee-a036-6294619ebc29_20308858.jpg",
      "categories": [
        "ZVÍŘATA",
        "PSI"
      ],
      "prices": [
        {
          "store_name": "Albert",
          "price": 69.9,
          "original_price": null,
          "unit_price": 174.75,
          "unit": "Kg",
          "package_size": "400 g",
          "condition": null
        }
      ],
      "description": null
    },
    {
      "name": "Albert Plněné bramborové knedlíky se zelím",
      "brand": "Albert",
      "product_url": "https://wolt.com/cs/cze/prague/venue/albert-vinohradska/albert-plnene-bramborove-knedliky-se-zelim-itemid-64ca0b7cba162577de488fa9",
      "image_url": "https://imageproxy.wolt.com/menu/menu-images/64ffec4406cca0140dfab831/5793290e-8ec8-11ee-a5c9-3aebc6ac32b3_27714997.jpg",
      "categories": [
        "UZENINY A LAHŮDKY",
        "HOTOVKY A PŘÍLOHY"
      ],
      "prices": [
        {
          "store_name": "Albert",
          "price": 99.9,
          "original_price": null,
          "unit_price": 249.75,
          "unit": "Kg",
          "package_size": "400 g",
          "condition": null
        }
      ],
      "description": null
    },
    {
      "name": "Albert Hummus natur",
      "brand": "Albert",
      "product_url": "https://wolt.com/cs/cze/prague/venue/albert-vinohradska/albert-hummus-natur-itemid-64ca0b7cba162577de4883d3",
      "image_url": "https://imageproxy.wolt.com/menu/menu-images/64ffec4406cca0140dfab831/6f9c52aa-8ec3-11ee-89e0-86f1953ceff6_27382950.jpg",
      "categories": [
        "UZENINY A LAHŮDKY",
        "SALÁTY A POMAZÁNKY"
      ],
      "prices": [
        {
          "store_name": "Albert",
          "price": 34.9,
          "original_price": null,
          "unit_price": 139.6,
          "unit": "Kg",
          "package_size": "250 g",
          "condition": null
        }
      ],
      "description": null
    },
    {
      "name": "Odkolek Závin mák-švestky",
      "brand": "Odkolek",
      "product_url": "https://wolt.com/cs/cze/prague/venue/albert-vinohradska/odkolek-zavin-mak-svestky-itemid-64ca0b7cba162577de48985a",
      "image_url": "https://imageproxy.wolt.com/menu/menu-images/64ffec4406cca0140dfab831/2d4b886c-8eb9-11ee-8c57-fe2992cf6bd0_26378169.jpg",
      "categories": [
        "PEKÁRNA A CUKRÁRNA",
        "SLADKÉ PEČIVO BALENÉ"
      ],
      "prices": [
        {
          "store_name": "Albert",
          "price": 56.9,
          "original_price": null,
          "unit_price": 158.06,
          "unit": "Kg",
          "package_size": "360 g",
          "condition": null
        }
      ],
      "description": null
    },
    {
      "name": "Krajanka Krémová zakysaná smetana (mix příchutí)",
      "brand": "Krajanka",
      "product_url": "https://wolt.com/cs/cze/prague/venue/albert-vinohradska/krajanka-kremova-zakysana-smetana-mix-prichuti-itemid-657233256818b938df9485c7",
      "image_url": "https://imageproxy.wolt.com/menu/menu-images/64ffec4406cca0140dfab831/707ca4fe-8eb4-11ee-97e5-5a7762fb688d_25331301.jpg",
      "categories": [
        "MLÉČNÉ A CHLAZENÉ",
        "JOGURTY A DEZERTY"
      ],
      "prices": [
        {
          "store_name": "Albert",
          "price": 16.0,
          "original_price": null,
          "unit_price": 123.08,
          "unit": "Kg",
          "package_size": "130 g",
          "condition": null
        }
      ],
      "description": null
    },
    {
      "name": "Pizza smetana se slaninou",
      "brand": "Pizza",
      "product_url": "https://wolt.com/cs/cze/prague/venue/albert-vinohradska/pizza-smetana-se-slaninou-itemid-651c85d204aa154a3886e3ed",
      "image_url": "https://imageproxy.wolt.com/menu/menu-images/64ffec4406cca0140dfab831/3520c068-8ecb-11ee-baf6-ba7a0888b93f_27797723.jpg",
      "categories": [
        "PEKÁRNA A CUKRÁRNA",
        "SLANÉ PEČIVO VOLNÉ"
      ],
      "prices": [
        {
          "store_name": "Albert",
          "price": 21.9,
          "original_price": null,
          "unit_price": 292.0,
          "unit": "Kg",
          "package_size": "75 g",
          "condition": "Vyprodáno"
        }
      ],
      "description": null
    },
    {
      "name": "Perrier Minerální voda",
      "brand": "Perrier",
      "product_url": "https://wolt.com/cs/cze/prague/venue/albert-vinohradska/perrier-mineralni-voda-itemid-657233256818b938df948551",
      "image_url": "https://imageproxy.wolt.com/menu/menu-images/64ffec4406cca0140dfab831/21b8bc4e-8eba-11ee-8060-76d8d681f910_26569451.jpg",
      "categories": [
        "NÁPOJE",
        "VODY A MINERÁLKY"
      ],
      "prices": [
        {
          "store_name": "Albert",
          "price": 39.9,
          "original_price": null,
          "unit_price": 79.8,
          "unit": "l",
          "package_size": "500 ml",
          "condition": null
        }
      ],
      "description": null
    },
    {
      "name": "Opavia BeBe Dobré ráno Naměkko s kousky čokolády",
      "brand": "Opavia",
      "product_url": "https://wolt.com/cs/cze/prague/venue/albert-vinohradska/opavia-bebe-dobre-rano-namekko-s-kousky-cokolady-itemid-64ca0b7cba162577de489486",
      "image_url": "https://imageproxy.wolt.com/menu/menu-images/63ad795db242366d1f818f36/04b0e786-ed44-11ef-b1d9-aaf9cf1e82a0_26517049.jpg",
      "categories": [
        "TRVANLIVÉ",
        "SLADKOSTI"
      ],
      "prices": [
        {
          "store_name": "Albert",
          "price": 16.9,
          "original_price": null,
          "unit_price": 338.0,
          "unit": "Kg",
          "package_size": "50 g",
          "condition": null
        }
      ],
      "description": null
    },
    {
      "name": "Artesie Tonic",
      "brand": "Artesie",
      "product_url": "https://wolt.com/cs/cze/prague/venue/albert-vinohradska/artesie-tonic-itemid-64ca0b7cba162577de4886c5",
      "image_url": "https://imageproxy.wolt.com/menu/menu-images/63ad795db242366d1f818f36/5584f86a-765b-11ef-b6c1-5e8ce13ac3e8_25797947.jpg",
      "categories": [
        "NÁPOJE",
        "LIMONÁDY"
      ],
      "prices": [
        {
          "store_name": "Albert",
          "price": 9.9,
          "original_price": null,
          "unit_price": 4.95,
          "unit": "l",
          "package_size": "2 l",
          "condition": null
        }
      ],
      "description": null
    },
    {
      "name": "Dr. Oetker Dort-želé čiré",
      "brand": "Dr. Oetker",
      "product_url": "https://wolt.com/cs/cze/prague/venue/albert-vinohradska/dr-oetker-dort-zele-cire-itemid-64ca0b7cba162577de489575",
      "image_url": "https://imageproxy.wolt.com/menu/menu-images/63ad795db242366d1f818f36/ec816e44-a8e9-11f0-8467-323cd8baeaf7_20722388.jpg",
      "categories": [
        "TRVANLIVÉ",
        "PEČENÍ A VAŘENÍ"
      ],
      "prices": [
        {
          "store_name": "Albert",
          "price": 13.9,
          "original_price": null,
          "unit_price": 1390.0,
          "unit": "Kg",
          "package_size": "10 g",
          "condition": null
        }
      ],
      "description": null
    },
    {
      "name": "Pringles zakysaná smetana a cibule",
      "brand": "Pringles",
      "product_url": "https://wolt.com/cs/cze/prague/venue/albert-vinohradska/pringles-zakysana-smetana-a-cibule-itemid-64ca0b7cba162577de48953c",
      "image_url": "https://imageproxy.wolt.com/menu/menu-images/63ad795db242366d1f818f36/b20c5a12-f8ef-11ef-bb4d-e26833b47bf2_21659935.jpg",
      "categories": [
        "TRVANLIVÉ",
        "SLANÉ"
      ],
      "prices": [
        {
          "store_name": "Albert",
          "price": 89.9,
          "original_price": null,
          "unit_price": 544.85,
          "unit": "Kg",
          "package_size": "165 g",
          "condition": null
        }
      ],
      "description": null
    },
    {
      "name": "Albert Pudink čokoládový",
      "brand": "Albert",
      "product_url": "https://wolt.com/cs/cze/prague/venue/albert-vinohradska/albert-pudink-cokoladovy-itemid-64ca0b7cba162577de4885c1",
      "image_url": "https://imageproxy.wolt.com/menu/menu-images/64ffec4406cca0140dfab831/e4c08122-8ebf-11ee-b36a-06cf0d3d89bd_27138908.jpg",
      "categories": [
        "MLÉČNÉ A CHLAZENÉ",
        "JOGURTY A DEZERTY"
      ],
      "prices": [
        {
          "store_name": "Albert",
          "price": 10.9,
          "original_price": null,
          "unit_price": 54.5,
          "unit": "Kg",
          "package_size": "200 g",
          "condition": null
        }
      ],
      "description": null
    },
    {
      "name": "Royal Crown cola bez cukru",
      "brand": "Royal",
      "product_url": "https://wolt.com/cs/cze/prague/venue/albert-vinohradska/royal-crown-cola-bez-cukru-itemid-657233256818b938df948233",
      "image_url": "https://imageproxy.wolt.com/menu/menu-images/64ffec4406cca0140dfab831/f0914160-8ec6-11ee-a7b4-1601976705be_27633199.jpg",
      "categories": [
        "NÁPOJE",
        "LIMONÁDY"
      ],
      "prices": [
        {
          "store_name": "Albert",
          "price": 31.9,
          "original_price": null,
          "unit_price": 63.8,
          "unit": "l",
          "package_size": "500 ml",
          "condition": null
        }
      ],
      "description": null
    },
    {
      "name": "Asia Time Omáčka ústřicová",
      "brand": "Asia",
      "product_url": "https://wolt.com/cs/cze/prague/venue/albert-vinohradska/asia-time-omacka-ustricova-itemid-64ca0b7cba162577de48a151",
      "image_url": "https://imageproxy.wolt.com/menu/menu-images/64ffec4406cca0140dfab831/5c933ecc-8ebd-11ee-938b-0ece4ee3fc04_26941349.jpg",
      "categories": [
        "TRVANLIVÉ",
        "MEZINÁRODNÍ KUCHYNĚ"
      ],
      "prices": [
        {
          "store_name": "Albert",
          "price": 44.9,
          "original_price": null,
          "unit_price": 299.33,
          "unit": "l",
          "package_size": "150 ml",
          "condition": null
        }
      ],
      "description": null
    },
    {
      "name": "Albert Kynutý knedlík s jahodovou náplní",
      "brand": "Albert",
      "product_url": "https://wolt.com/cs/cze/prague/venue/albert-vinohradska/albert-kynuty-knedlik-s-jahodovou-naplni-itemid-657233256818b938df94858d",
      "image_url": "https://imageproxy.wolt.com/menu/menu-images/64ffec4406cca0140dfab831/0a5c8ef2-8eb7-11ee-b933-16e6bf59122a_25881578.jpg",
      "categories": [
        "UZENINY A LAHŮDKY",
        "HOTOVKY A PŘÍLOHY"
      ],
      "prices": [
        {
          "store_name": "Albert",
          "price": 43.9,
          "original_price": null,
          "unit_price": 125.43,
          "unit": "Kg",
          "package_size": "350 g",
          "condition": null
        }
      ],
      "description": null
    },
    {
      "name": "Orion Margot Bílá tyčinka s kokosem",
      "brand": "Orion",
      "product_url": "https://wolt.com/cs/cze/prague/venue/albert-vinohradska/orion-margot-bila-tycinka-s-kokosem-itemid-64ca0b7cba162577de48961c",
      "image_url": "https://imageproxy.wolt.com/menu/menu-images/64ffec4406cca0140dfab831/0274b72e-8ec0-11ee-b3e8-2ef6707f48ec_27153659.jpg",
      "categories": [
        "TRVANLIVÉ",
        "SLADKOSTI"
      ],
      "prices": [
        {
          "store_name": "Albert",
          "price": 26.9,
          "original_price": null,
          "unit_price": 336.25,
          "unit": "Kg",
          "package_size": "80 g",
          "condition": null
        }
      ],
      "description": null
    },
    {
      "name": "Albert Losos uzený kousky",
      "brand": "Albert",
      "product_url": "https://wolt.com/cs/cze/prague/venue/albert-vinohradska/albert-losos-uzeny-kousky-itemid-657233256818b938df948bc3",
      "image_url": "https://imageproxy.wolt.com/menu/menu-images/64ffec4406cca0140dfab831/f6d37584-8ec6-11ee-bf82-fe512f326f5c_27636312.jpg",
      "categories": [
        "UZENINY A LAHŮDKY",
        "RYBÍ SPECIALITY"
      ],
      "prices": [
        {
          "store_name": "Albert",
          "price": 69.9,
          "original_price": null,
          "unit_price": 699.0,
          "unit": "Kg",
          "package_size": "100 g",
          "condition": null
        }
      ],
      "description": null
    },
    {
      "name": "Mlynářská brioška",
      "brand": "Mlynářská",
      "product_url": "https://wolt.com/cs/cze/prague/venue/albert-vinohradska/mlynarska-brioska-itemid-66ba178b622324a7e277d603",
      "image_url": "https://imageproxy.wolt.com/menu/menu-images/63ad795db242366d1f818f36/bec983fc-58b2-11ef-90b8-b22aeec1e52f_brios_ka.jpg",
      "categories": [
        "PEKÁRNA A CUKRÁRNA",
        "SLADKÉ PEČIVO VOLNÉ"
      ],
      "prices": [
        {
          "store_name": "Albert",
          "price": null,
          "original_price": null,
          "unit_price": 51.25,
          "unit": "Kg",
          "package_size": "400 g",
          "condition": "Sleva"
        }
      ],
      "description": null
    },
    {
      "name": "Ambi Pur 3Volution strojek Spring Awakening",
      "brand": "Ambi",
      "product_url": "https://wolt.com/cs/cze/prague/venue/albert-vinohradska/ambi-pur-3volution-strojek-spring-awakening-itemid-657233256818b938df947f91",
      "image_url": "https://imageproxy.wolt.com/menu/menu-images/63ad795db242366d1f818f36/359dd376-9796-11ef-896b-e22bbc05d3bf_26168296.jpg",
      "categories": [
        "DOMÁCNOST A ZAHRADA",
        "OSVĚŽOVAČE VZDUCHU"
      ],
      "prices": [
        {
          "store_name": "Albert",
          "price": 209.0,
          "original_price": null,
          "unit_price": 209.0,
          "unit": "ks",
          "package_size": "‪1‬ kus",
          "condition": null
        }
      ],
      "description": null
    },
    {
      "name": "Gillette Series Sensitive pěna na holení",
      "brand": "Gillette",
      "product_url": "https://wolt.com/cs/cze/prague/venue/albert-vinohradska/gillette-series-sensitive-pena-na-holeni-itemid-64ca0b7cba162577de489e68",
      "image_url": "https://imageproxy.wolt.com/menu/menu-images/63ad795db242366d1f818f36/d2f9a746-5efa-11ef-82b6-7a10646ef7df_20727147.jpg",
      "categories": [
        "DROGERIE A KOSMETIKA",
        "HOLENÍ A DEPILACE"
      ],
      "prices": [
        {
          "store_name": "Albert",
          "price": null,
          "original_price": null,
          "unit_price": 370.0,
          "unit": "l",
          "package_size": "200 ml",
          "condition": "Sleva"
        }
      ],
      "description": null
    },
    {
      "name": "Kinder Paradiso",
      "brand": "Kinder",
      "product_url": "https://wolt.com/cs/cze/prague/venue/albert-vinohradska/kinder-paradiso-itemid-64ca0b7cba162577de489048",
      "image_url": "https://imageproxy.wolt.com/menu/menu-images/64ffec4406cca0140dfab831/5aaba66c-8ec7-11ee-9e73-bad10d590585_27653579.jpg",
      "categories": [
        "MLÉČNÉ A CHLAZENÉ",
        "JOGURTY A DEZERTY"
      ],
      "prices": [
        {
          "store_name": "Albert",
          "price": null,
          "original_price": null,
          "unit_price": 628.45,
          "unit": "Kg",
          "package_size": "116 g",
          "condition": "Sleva"
        }
      ],
      "description": null
    },
    {
      "name": "Palmolive Naturals Olive & Milk sprchový gel",
      "brand": "Palmolive",
      "product_url": "https://wolt.com/cs/cze/prague/venue/albert-vinohradska/palmolive-naturals-olive-milk-sprchovy-gel-itemid-6601fceab41ea35412ed7351",
      "image_url": "https://imageproxy.wolt.com/menu/menu-images/63ad795db242366d1f818f36/0b2677da-168e-11ef-be24-9a70542e91d3_24044745.jpg",
      "categories": [
        "DROGERIE A KOSMETIKA",
        "MÝDLA A GELY"
      ],
      "prices": [
        {
          "store_name": "Albert",
          "price": null,
          "original_price": null,
          "unit_price": 199.6,
          "unit": "l",
          "package_size": "250 ml",
          "condition": "Sleva"
        }
      ],
      "description": null
    },
    {
      "name": "Felix Fantastic výběr se zeleninou",
      "brand": "Felix",
      "product_url": "https://wolt.com/cs/cze/prague/venue/albert-vinohradska/felix-fantastic-vyber-se-zeleninou-itemid-66020f36f9a777676f62e640",
      "image_url": "https://imageproxy.wolt.com/menu/menu-images/6601c613e48d1c8d95333085/161f5394-eae4-11ee-9081-9e6b6bb9a299_27383360.jpg",
      "categories": [
        "ZVÍŘATA",
        "KOČKY"
      ],
      "prices": [
        {
          "store_name": "Albert",
          "price": 129.9,
          "original_price": null,
          "unit_price": 127.35,
          "unit": "Kg",
          "package_size": "1,02 kg",
          "condition": null
        }
      ],
      "description": null
    },
    {
      "name": "Teekanne Ovocný čaj Garden Selection",
      "brand": "Teekanne",
      "product_url": "https://wolt.com/cs/cze/prague/venue/albert-vinohradska/teekanne-ovocny-caj-garden-selection-itemid-64ca0b7cba162577de4896c4",
      "image_url": "https://imageproxy.wolt.com/menu/menu-images/64ffec4406cca0140dfab831/881a7276-8eb4-11ee-8f7c-2a789dffa3ae_25347975.jpg",
      "categories": [
        "NÁPOJE",
        "KÁVA A ČAJ"
      ],
      "prices": [
        {
          "store_name": "Albert",
          "price": 44.9,
          "original_price": null,
          "unit_price": 997.78,
          "unit": "Kg",
          "package_size": "45 g",
          "condition": null
        }
      ],
      "description": null
    },
    {
      "name": "Božkov & Cola s limetkou",
      "brand": "Božkov",
      "product_url": "https://wolt.com/cs/cze/prague/venue/albert-vinohradska/bozkov-cola-s-limetkou-itemid-64ca0b7cba162577de4897d5",
      "image_url": "https://imageproxy.wolt.com/menu/menu-images/64ffec4406cca0140dfab831/3d9d2f14-8ec7-11ee-b831-2254ad732fe4_27649473.jpg",
      "categories": [
        "NÁPOJE",
        "LIHOVINY"
      ],
      "prices": [
        {
          "store_name": "Albert",
          "price": 49.9,
          "original_price": null,
          "unit_price": 199.6,
          "unit": "l",
          "package_size": "250 ml, 6% alc",
          "condition": "18+, Vyprodáno"
        }
      ],
      "description": null
    },
    {
      "name": "Gustona Rajčata loupaná",
      "brand": "Gustona",
      "product_url": "https://wolt.com/cs/cze/prague/venue/albert-vinohradska/gustona-rajcata-loupana-itemid-64ca0b7cba162577de489072",
      "image_url": "https://imageproxy.wolt.com/menu/menu-images/64ffec4406cca0140dfab831/f79e844c-8eb0-11ee-b7c6-1e037cde04d4_24155489.jpg",
      "categories": [
        "TRVANLIVÉ",
        "KONZERVOVANÉ POTR."
      ],
      "prices": [
        {
          "store_name": "Albert",
          "price": 24.9,
          "original_price": null,
          "unit_price": 103.75,
          "unit": "Kg",
          "package_size": "240 g",
          "condition": null
        }
      ],
      "description": null
    },
    {
      "name": "Delicata Bílá čokoláda s malinami a kousky sušenek",
      "brand": "Delicata",
      "product_url": "https://wolt.com/cs/cze/prague/venue/albert-vinohradska/delicata-bila-cokolada-s-malinami-a-kousky-susenek-itemid-64ca0b7cba162577de4893e2",
      "image_url": "https://imageproxy.wolt.com/menu/menu-images/6745ec28c3b7723db3588430/1ee33d42-da6b-11f0-add5-ce582ebbecd4_27706794.jpg",
      "categories": [
        "TRVANLIVÉ",
        "SLADKOSTI"
      ],
      "prices": [
        {
          "store_name": "Albert",
          "price": 79.9,
          "original_price": null,
          "unit_price": 532.67,
          "unit": "Kg",
          "package_size": "150 g",
          "condition": null
        }
      ],
      "description": null
    },
    {
      "name": "Magnum Double Salted Caramel",
      "brand": "Magnum",
      "product_url": "https://wolt.com/cs/cze/prague/venue/albert-vinohradska/magnum-double-salted-caramel-itemid-6876153a0c6218e9f3e5f443",
      "image_url": "https://imageproxy.wolt.com/menu/menu-images/64b62ec5e5ab70cdc92e30f0/053323aa-616f-11f0-9042-aa3bb4f4f457_27072448.jpg",
      "categories": [
        "MRAŽENÉ POTRAVINY",
        "ZMRZLINA A NANUKY"
      ],
      "prices": [
        {
          "store_name": "Albert",
          "price": 109.9,
          "original_price": null,
          "unit_price": 249.77,
          "unit": "l",
          "package_size": "440 ml",
          "condition": "Vyprodáno"
        }
      ],
      "description": null
    },
    {
      "name": "Bonduelle Vapeur Červené fazole",
      "brand": "Bonduelle",
      "product_url": "https://wolt.com/cs/cze/prague/venue/albert-vinohradska/bonduelle-vapeur-cervene-fazole-itemid-64ca0b7cba162577de488621",
      "image_url": "https://imageproxy.wolt.com/menu/menu-images/64ffec4406cca0140dfab831/fb304f34-8eb8-11ee-a97d-b6ff72c7a500_26347318.jpg",
      "categories": [
        "TRVANLIVÉ",
        "KONZERVOVANÉ POTR."
      ],
      "prices": [
        {
          "store_name": "Albert",
          "price": 64.9,
          "original_price": null,
          "unit_price": 259.6,
          "unit": "Kg",
          "package_size": "250 g",
          "condition": null
        }
      ],
      "description": null
    },
    {
      "name": "Budweiser Budvar 33 světlý ležák",
      "brand": "Budweiser",
      "product_url": "https://wolt.com/cs/cze/prague/venue/albert-vinohradska/budweiser-budvar-33-svetly-lezak-itemid-64ca0b7cba162577de48a519",
      "image_url": "https://imageproxy.wolt.com/menu/menu-images/64ffec4406cca0140dfab831/f5afeb6a-8ec1-11ee-8e55-bad10d590585_27269848.jpg",
      "categories": [
        "NÁPOJE",
        "PIVA"
      ],
      "prices": [
        {
          "store_name": "Albert",
          "price": 21.9,
          "original_price": null,
          "unit_price": 43.8,
          "unit": "l",
          "package_size": "500 ml, 4,6% alc",
          "condition": "18+"
        }
      ],
      "description": null
    },
    {
      "name": "Efko Okurky delikates 5-8 cm",
      "brand": "Efko",
      "product_url": "https://wolt.com/cs/cze/prague/venue/albert-vinohradska/efko-okurky-delikates-5-8-cm-itemid-64ca0b7cba162577de488513",
      "image_url": "https://imageproxy.wolt.com/menu/menu-images/64ffec4406cca0140dfab831/7107728a-8eac-11ee-8d86-0e65b1b3f66c_20305895.jpg",
      "categories": [
        "TRVANLIVÉ",
        "KONZERVOVANÉ POTR."
      ],
      "prices": [
        {
          "store_name": "Albert",
          "price": 83.9,
          "original_price": null,
          "unit_price": 233.06,
          "unit": "Kg",
          "package_size": "360 g",
          "condition": null
        }
      ],
      "description": null
    },
    {
      "name": "Müller Müllermilch Mléčný nápoj (mix příchutí)",
      "brand": "Müller",
      "product_url": "https://wolt.com/cs/cze/prague/venue/albert-vinohradska/muller-mullermilch-mlecny-napoj-mix-prichuti-itemid-657233256818b938df948744",
      "image_url": "https://imageproxy.wolt.com/menu/menu-images/64ffec4406cca0140dfab831/34bf20ca-8eb6-11ee-aa38-2a789dffa3ae_25709902.jpg",
      "categories": [
        "MLÉČNÉ A CHLAZENÉ",
        "MLÉČNÉ NÁPOJE"
      ],
      "prices": [
        {
          "store_name": "Albert",
          "price": null,
          "original_price": null,
          "unit_price": 52.79,
          "unit": "l",
          "package_size": "377 ml",
          "condition": "Sleva"
        }
      ],
      "description": null
    },
    {
      "name": "Emma Píniová jádra",
      "brand": "Emma",
      "product_url": "https://wolt.com/cs/cze/prague/venue/albert-vinohradska/emma-piniova-jadra-itemid-64ca0b7cba162577de488b93",
      "image_url": "https://imageproxy.wolt.com/menu/menu-images/63ad795db242366d1f818f36/3fa60de0-765b-11ef-97e9-326d49de6bfb_26481975.jpg",
      "categories": [
        "OVOCE A ZELENINA",
        "SUCHÉ PLODY"
      ],
      "prices": [
        {
          "store_name": "Albert",
          "price": 67.9,
          "original_price": null,
          "unit_price": 1358.0,
          "unit": "Kg",
          "package_size": "50 g",
          "condition": null
        }
      ],
      "description": null
    },
    {
      "name": "Artesie Multivitamin",
      "brand": "Artesie",
      "product_url": "https://wolt.com/cs/cze/prague/venue/albert-vinohradska/artesie-multivitamin-itemid-64ca0b7cba162577de48913b",
      "image_url": "https://imageproxy.wolt.com/menu/menu-images/64ffec4406cca0140dfab831/c016cab0-8eb6-11ee-b6e6-f6f59196df47_25824988.jpg",
      "categories": [
        "NÁPOJE",
        "DŽUSY A NEKTARY"
      ],
      "prices": [
        {
          "store_name": "Albert",
          "price": 22.9,
          "original_price": null,
          "unit_price": 15.27,
          "unit": "l",
          "package_size": "1,5 l",
          "condition": null
        }
      ],
      "description": null
    },
    {
      "name": "Rummo Fusilli semolinové těstoviny",
      "brand": "Rummo",
      "product_url": "https://wolt.com/cs/cze/prague/venue/albert-vinohradska/rummo-fusilli-semolinove-testoviny-itemid-64ca0b7cba162577de48949d",
      "image_url": "https://imageproxy.wolt.com/menu/menu-images/64ffec4406cca0140dfab831/2c54bacc-8eba-11ee-8163-06c7de8dd7bf_26581958.jpg",
      "categories": [
        "TRVANLIVÉ",
        "TĚSTOVINY A KUSKUS"
      ],
      "prices": [
        {
          "store_name": "Albert",
          "price": 77.9,
          "original_price": null,
          "unit_price": 155.8,
          "unit": "Kg",
          "package_size": "500 g",
          "condition": null
        }
      ],
      "description": null
    },
    {
      "name": "Albert Excellent Tapas Sušená rajčata s bazalkou",
      "brand": "Albert Excellent",
      "product_url": "https://wolt.com/cs/cze/prague/venue/albert-vinohradska/albert-excellent-tapas-susena-rajcata-s-bazalkou-itemid-64ca0b7cba162577de489aaf",
      "image_url": "https://imageproxy.wolt.com/menu/menu-images/63ad795db242366d1f818f36/8df0a436-8e26-11f0-bb7e-b235b6a84d88_27596913.jpg",
      "categories": [
        "UZENINY A LAHŮDKY",
        "TAPAS"
      ],
      "prices": [
        {
          "store_name": "Albert",
          "price": 69.0,
          "original_price": null,
          "unit_price": 766.67,
          "unit": "Kg",
          "package_size": "90 g",
          "condition": "Vyprodáno"
        }
      ],
      "description": null
    },
    {
      "name": "Alpro Kokosový dezert s malinami",
      "brand": "Alpro",
      "product_url": "https://wolt.com/cs/cze/prague/venue/albert-vinohradska/alpro-kokosovy-dezert-s-malinami-itemid-64ca0b7cba162577de489452",
      "image_url": "https://imageproxy.wolt.com/menu/menu-images/64ffec4406cca0140dfab831/1ab95f1c-8ec3-11ee-b98d-a6924885d1bf_27351512.jpg",
      "categories": [
        "MLÉČNÉ A CHLAZENÉ",
        "ROSTLINNÉ PRODUKTY"
      ],
      "prices": [
        {
          "store_name": "Albert",
          "price": 41.9,
          "original_price": null,
          "unit_price": 349.17,
          "unit": "Kg",
          "package_size": "120 g",
          "condition": null
        }
      ],
      "description": null
    },
    {
      "name": "Gustona Hrášek",
      "brand": "Gustona",
      "product_url": "https://wolt.com/cs/cze/prague/venue/albert-vinohradska/gustona-hrasek-itemid-64ca0b7cba162577de488fc2",
      "image_url": "https://imageproxy.wolt.com/menu/menu-images/63ad795db242366d1f818f36/e54778d8-0608-11ef-8b6a-6a96825f1f62_26766249.jpg",
      "categories": [
        "TRVANLIVÉ",
        "KONZERVOVANÉ POTR."
      ],
      "prices": [
        {
          "store_name": "Albert",
          "price": 19.9,
          "original_price": null,
          "unit_price": 153.08,
          "unit": "Kg",
          "package_size": "130 g",
          "condition": null
        }
      ],
      "description": null
    },
    {
      "name": "Palmolive Refreshing sprchový gel 3v1 pro muže",
      "brand": "Palmolive",
      "product_url": "https://wolt.com/cs/cze/prague/venue/albert-vinohradska/palmolive-refreshing-sprchovy-gel-3v1-pro-muze-itemid-6601f41ba821c14498a3017c",
      "image_url": "https://imageproxy.wolt.com/menu/menu-images/63ad795db242366d1f818f36/2ff5d2e4-4e4d-11ef-a653-867b831ba9e3_23981133.jpg",
      "categories": [
        "DROGERIE A KOSMETIKA",
        "MÝDLA A GELY"
      ],
      "prices": [
        {
          "store_name": "Albert",
          "price": null,
          "original_price": null,
          "unit_price": 199.6,
          "unit": "l",
          "package_size": "250 ml",
          "condition": "Sleva"
        }
      ],
      "description": null
    },
    {
      "name": "Albert Excellent Grana Padano CHOP 32%",
      "brand": "Albert Excellent",
      "product_url": "https://wolt.com/cs/cze/prague/venue/albert-vinohradska/albert-excellent-grana-padano-chop-32-itemid-64ca0b7cba162577de4886d5",
      "image_url": "https://imageproxy.wolt.com/menu/menu-images/63ad795db242366d1f818f36/62b09656-bbe4-11ef-a232-8ac36a1e21cf_26119953.jpg",
      "categories": [
        "MLÉČNÉ A CHLAZENÉ",
        "SÝRY"
      ],
      "prices": [
        {
          "store_name": "Albert",
          "price": 113.81,
          "original_price": null,
          "unit_price": null,
          "unit": null,
          "package_size": null,
          "condition": "Vyprodáno"
        }
      ],
      "description": null
    },
    {
      "name": "Zlaté kuře chlazené",
      "brand": null,
      "product_url": "https://wolt.com/cs/cze/prague/venue/albert-vinohradska/zlate-kure-chlazene-itemid-64ca0b7cba162577de489c5a",
      "image_url": "https://imageproxy.wolt.com/menu/menu-images/64ffec4406cca0140dfab831/6d56050c-8eb1-11ee-b825-e2efa80c37b6_24364898.jpg",
      "categories": [
        "MASO A RYBY",
        "DRŮBEŽ"
      ],
      "prices": [
        {
          "store_name": "Albert",
          "price": 246.45,
          "original_price": null,
          "unit_price": null,
          "unit": null,
          "package_size": null,
          "condition": null
        }
      ],
      "description": null
    },
    {
      "name": "Albert Moravský vrabec s bramborovým knedlíkem",
      "brand": "Albert",
      "product_url": "https://wolt.com/cs/cze/prague/venue/albert-vinohradska/albert-moravsky-vrabec-s-bramborovym-knedlikem-itemid-681b5abffcbd67bf7a8f4a6b",
      "image_url": "https://imageproxy.wolt.com/menu/menu-images/63ad795db242366d1f818f36/ba7e4612-2b47-11f0-aac9-26e358a0cb58_27963876.jpg",
      "categories": [
        "UZENINY A LAHŮDKY",
        "HOTOVKY A PŘÍLOHY"
      ],
      "prices": [
        {
          "store_name": "Albert",
          "price": 99.9,
          "original_price": null,
          "unit_price": 249.75,
          "unit": "Kg",
          "package_size": "400 g",
          "condition": null
        }
      ],
      "description": null
    },
    {
      "name": "Nature's Promise Bio Mouka žitná celozrnná",
      "brand": "Nature's Promise",
      "product_url": "https://wolt.com/cs/cze/prague/venue/albert-vinohradska/nature-s-promise-bio-mouka-zitna-celozrnna-itemid-64ca0b7cba162577de488d47",
      "image_url": "https://imageproxy.wolt.com/menu/menu-images/64ffec4406cca0140dfab831/0a07b6d4-8ebc-11ee-bdbc-62f0ef4f63d8_26816470.jpg",
      "categories": [
        "TRVANLIVÉ",
        "PEČENÍ A VAŘENÍ"
      ],
      "prices": [
        {
          "store_name": "Albert",
          "price": null,
          "original_price": null,
          "unit_price": 29.9,
          "unit": "Kg",
          "package_size": "1 kg",
          "condition": "Sleva"
        }
      ],
      "description": null
    },
    {
      "name": "Nivea Pearl and Beauty tuhý antiperspirant",
      "brand": "Nivea",
      "product_url": "https://wolt.com/cs/cze/prague/venue/albert-vinohradska/nivea-pearl-and-beauty-tuhy-antiperspirant-itemid-6601e958136a34e0a432f7f1",
      "image_url": "https://imageproxy.wolt.com/menu/menu-images/6601c613e48d1c8d95333085/cbf0d2e2-eae4-11ee-8fa2-063f1831dce3_27694831.jpg",
      "categories": [
        "DROGERIE A KOSMETIKA",
        "DEODORANTY"
      ],
      "prices": [
        {
          "store_name": "Albert",
          "price": 89.9,
          "original_price": null,
          "unit_price": 1798.0,
          "unit": "l",
          "package_size": "50 ml",
          "condition": null
        }
      ],
      "description": null
    },
    {
      "name": "Madeta Madeland 45% plátky",
      "brand": "Madeta",
      "product_url": "https://wolt.com/cs/cze/prague/venue/albert-vinohradska/madeta-madeland-45-platky-itemid-64ca0b7cba162577de488337",
      "image_url": "https://imageproxy.wolt.com/menu/menu-images/64ffec4406cca0140dfab831/02ed4024-8ebe-11ee-8bb9-76bc1f0dfb09_26982793.jpg",
      "categories": [
        "MLÉČNÉ A CHLAZENÉ",
        "SÝRY"
      ],
      "prices": [
        {
          "store_name": "Albert",
          "price": null,
          "original_price": null,
          "unit_price": 289.0,
          "unit": "Kg",
          "package_size": "100 g",
          "condition": "Sleva"
        }
      ],
      "description": null
    },
    {
      "name": "Stará žitná myslivecká 38%",
      "brand": "Stará",
      "product_url": "https://wolt.com/cs/cze/prague/venue/albert-vinohradska/stara-zitna-myslivecka-38-itemid-64ca0b7cba162577de4890b0",
      "image_url": "https://imageproxy.wolt.com/menu/menu-images/63ad795db242366d1f818f36/45f5b1b8-4e4d-11ef-a038-2637203711e8_25694307.jpg",
      "categories": [
        "NÁPOJE",
        "LIHOVINY"
      ],
      "prices": [
        {
          "store_name": "Albert",
          "price": 209.0,
          "original_price": null,
          "unit_price": 418.0,
          "unit": "l",
          "package_size": "500 ml, 38% alc",
          "condition": "18+"
        }
      ],
      "description": null
    },
    {
      "name": "Hamé Džem meruňka se sníženým obsahem cukru",
      "brand": "Hamé",
      "product_url": "https://wolt.com/cs/cze/prague/venue/albert-vinohradska/hame-dzem-merunka-se-snizenym-obsahem-cukru-itemid-681b5abffcbd67bf7a8f4ad5",
      "image_url": "https://imageproxy.wolt.com/menu/menu-images/63ad795db242366d1f818f36/1210efde-2b47-11f0-9e88-b674192917fd_25931075.jpg",
      "categories": [
        "TRVANLIVÉ",
        "KONZERVOVANÉ POTR."
      ],
      "prices": [
        {
          "store_name": "Albert",
          "price": 48.6,
          "original_price": null,
          "unit_price": 211.3,
          "unit": "Kg",
          "package_size": "230 g",
          "condition": null
        }
      ],
      "description": null
    },
    {
      "name": "Albert Sýr Gold s rajčaty a bazalkou plátky",
      "brand": "Albert",
      "product_url": "https://wolt.com/cs/cze/prague/venue/albert-vinohradska/albert-syr-gold-s-rajcaty-a-bazalkou-platky-itemid-64ca0b7cba162577de489903",
      "image_url": "https://imageproxy.wolt.com/menu/menu-images/64ffec4406cca0140dfab831/867e7cfe-92e3-11ee-a62d-cee4c8534fb0_27085493.jpg",
      "categories": [
        "MLÉČNÉ A CHLAZENÉ",
        "SÝRY"
      ],
      "prices": [
        {
          "store_name": "Albert",
          "price": 58.9,
          "original_price": null,
          "unit_price": 392.67,
          "unit": "Kg",
          "package_size": "150 g",
          "condition": null
        }
      ],
      "description": null
    },
    {
      "name": "Korunní Jemně perlivá minerální voda",
      "brand": "Korunní",
      "product_url": "https://wolt.com/cs/cze/prague/venue/albert-vinohradska/korunni-jemne-perliva-mineralni-voda-itemid-64ca0b7cba162577de48961f",
      "image_url": "https://imageproxy.wolt.com/menu/menu-images/64ffec4406cca0140dfab831/8d48079a-8eaf-11ee-8a32-1aabffa83dfd_23355859.jpg",
      "categories": [
        "NÁPOJE",
        "VODY A MINERÁLKY"
      ],
      "prices": [
        {
          "store_name": "Albert",
          "price": 12.9,
          "original_price": null,
          "unit_price": 8.6,
          "unit": "l",
          "package_size": "1,5 l",
          "condition": null
        }
      ],
      "description": null
    },
    {
      "name": "Villa Garducci Pinot Grigio Terre Siciliane",
      "brand": "Villa Garducci",
      "product_url": "https://wolt.com/cs/cze/prague/venue/albert-vinohradska/villa-garducci-pinot-grigio-terre-siciliane-itemid-651c840c95f6f04496e16220",
      "image_url": "https://imageproxy.wolt.com/menu/menu-images/64ffec4406cca0140dfab831/c94a5af2-8eca-11ee-a8a2-129c0471ef91_27788370.jpg",
      "categories": [
        "NÁPOJE",
        "VÍNA"
      ],
      "prices": [
        {
          "store_name": "Albert",
          "price": 84.9,
          "original_price": null,
          "unit_price": 113.2,
          "unit": "l",
          "package_size": "750 ml, 11,5% alc",
          "condition": "18+"
        }
      ],
      "description": null
    },
    {
      "name": "Teekanne Rooibos vanilka",
      "brand": "Teekanne",
      "product_url": "https://wolt.com/cs/cze/prague/venue/albert-vinohradska/teekanne-rooibos-vanilka-itemid-64ca0b7cba162577de4896e4",
      "image_url": "https://imageproxy.wolt.com/menu/menu-images/64ffec4406cca0140dfab831/4dd43952-8eb0-11ee-aa7f-325d7328b531_23728912.jpg",
      "categories": [
        "NÁPOJE",
        "KÁVA A ČAJ"
      ],
      "prices": [
        {
          "store_name": "Albert",
          "price": 44.9,
          "original_price": null,
          "unit_price": 1282.86,
          "unit": "Kg",
          "package_size": "35 g",
          "condition": null
        }
      ],
      "description": null
    },
    {
      "name": "Jupík Aqua jablko",
      "brand": "Jupík",
      "product_url": "https://wolt.com/cs/cze/prague/venue/albert-vinohradska/jupik-aqua-jablko-itemid-64ca0b7cba162577de489899",
      "image_url": "https://imageproxy.wolt.com/menu/menu-images/64ffec4406cca0140dfab831/131f62b2-8eb2-11ee-a2d4-b6ff72c7a500_24656160.jpg",
      "categories": [
        "NÁPOJE",
        "DŽUSY A NEKTARY"
      ],
      "prices": [
        {
          "store_name": "Albert",
          "price": 21.9,
          "original_price": null,
          "unit_price": 43.8,
          "unit": "l",
          "package_size": "500 ml",
          "condition": null
        }
      ],
      "description": null
    },
    {
      "name": "Garnier Fructis balzám Goodbye Damage",
      "brand": "Garnier",
      "product_url": "https://wolt.com/cs/cze/prague/venue/albert-vinohradska/garnier-fructis-balzam-goodbye-damage-itemid-64ca0b7cba162577de489db1",
      "image_url": "https://imageproxy.wolt.com/menu/menu-images/63ad795db242366d1f818f36/73600d88-bbe4-11ef-b53a-7af451259048_25653724.jpg",
      "categories": [
        "DROGERIE A KOSMETIKA",
        "PÉČE O VLASY"
      ],
      "prices": [
        {
          "store_name": "Albert",
          "price": 79.9,
          "original_price": null,
          "unit_price": 399.5,
          "unit": "l",
          "package_size": "200 ml",
          "condition": null
        }
      ],
      "description": null
    },
    {
      "name": "Albert Excellent Losos uzený plátky",
      "brand": "Albert Excellent",
      "product_url": "https://wolt.com/cs/cze/prague/venue/albert-vinohradska/albert-excellent-losos-uzeny-platky-itemid-64ca0b7cba162577de48842f",
      "image_url": "https://imageproxy.wolt.com/menu/menu-images/64ffec4406cca0140dfab831/e1fe9d42-8ec0-11ee-a3d7-fedb83882cb3_27199640.jpg",
      "categories": [
        "UZENINY A LAHŮDKY",
        "RYBÍ SPECIALITY"
      ],
      "prices": [
        {
          "store_name": "Albert",
          "price": 99.9,
          "original_price": null,
          "unit_price": 999.0,
          "unit": "Kg",
          "package_size": "100 g",
          "condition": null
        }
      ],
      "description": null
    },
    {
      "name": "Emma Müsli kokos, ořechy a arašídy",
      "brand": "Emma",
      "product_url": "https://wolt.com/cs/cze/prague/venue/albert-vinohradska/emma-musli-kokos-orechy-a-arasidy-itemid-681b5abffcbd67bf7a8f49f0",
      "image_url": "https://imageproxy.wolt.com/menu/menu-images/63ad795db242366d1f818f36/5a49e1fc-2b47-11f0-9fb7-ba04dab492bf_27800676.jpg",
      "categories": [
        "TRVANLIVÉ",
        "MÜSLI A CEREÁLIE"
      ],
      "prices": [
        {
          "store_name": "Albert",
          "price": 89.9,
          "original_price": null,
          "unit_price": 89.9,
          "unit": "Kg",
          "package_size": "1 kg",
          "condition": null
        }
      ],
      "description": null
    },
    {
      "name": "Kostelecké uzeniny Gothajský salám",
      "brand": "Kostelecké",
      "product_url": "https://wolt.com/cs/cze/prague/venue/albert-vinohradska/kostelecke-uzeniny-gothajsky-salam-itemid-64ca0b7cba162577de4880bb",
      "image_url": "https://imageproxy.wolt.com/menu/menu-images/63ad795db242366d1f818f36/e54c7496-0608-11ef-8ddb-ae5d794beb97_26786988.jpg",
      "categories": [
        "UZENINY A LAHŮDKY",
        "SALÁMY"
      ],
      "prices": [
        {
          "store_name": "Albert",
          "price": 21.5,
          "original_price": null,
          "unit_price": 215.0,
          "unit": "Kg",
          "package_size": "100 g",
          "condition": null
        }
      ],
      "description": null
    },
    {
      "name": "Nature's Promise Bio Italian taste omáčka",
      "brand": "Nature's Promise",
      "product_url": "https://wolt.com/cs/cze/prague/venue/albert-vinohradska/nature-s-promise-bio-italian-taste-omacka-itemid-64ca0b7cba162577de48a6fa",
      "image_url": "https://imageproxy.wolt.com/menu/menu-images/63ad795db242366d1f818f36/edb38f92-7827-11f0-8a71-2ad371a9efbd_27669914.jpg",
      "categories": [
        "UZENINY A LAHŮDKY",
        "HOTOVKY A PŘÍLOHY"
      ],
      "prices": [
        {
          "store_name": "Albert",
          "price": null,
          "original_price": null,
          "unit_price": 99.67,
          "unit": "Kg",
          "package_size": "300 g",
          "condition": "Sleva"
        }
      ],
      "description": null
    },
    {
      "name": "Nutella Pomazánka lískooříšková s kakaem",
      "brand": "Nutella",
      "product_url": "https://wolt.com/cs/cze/prague/venue/albert-vinohradska/nutella-pomazanka-liskooriskova-s-kakaem-itemid-64ca0b7cba162577de488801",
      "image_url": "https://imageproxy.wolt.com/menu/menu-images/63ad795db242366d1f818f36/b2245572-f8ef-11ef-81e2-126a5b84a5e2_22566393.jpg",
      "categories": [
        "TRVANLIVÉ",
        "MEDY A SL. POMAZÁNKY"
      ],
      "prices": [
        {
          "store_name": "Albert",
          "price": 179.0,
          "original_price": null,
          "unit_price": 298.33,
          "unit": "Kg",
          "package_size": "600 g",
          "condition": null
        }
      ],
      "description": null
    },
    {
      "name": "Templářské sklepy Tramín",
      "brand": "Templářské",
      "product_url": "https://wolt.com/cs/cze/prague/venue/albert-vinohradska/templarske-sklepy-tramin-itemid-657233256818b938df94794a",
      "image_url": "https://imageproxy.wolt.com/menu/menu-images/64ffec4406cca0140dfab831/9bb52508-8ead-11ee-aac5-a20c72ca170b_20933531.jpg",
      "categories": [
        "NÁPOJE",
        "VÍNA"
      ],
      "prices": [
        {
          "store_name": "Albert",
          "price": 79.9,
          "original_price": null,
          "unit_price": 106.53,
          "unit": "l",
          "package_size": "750 ml, 12% alc",
          "condition": "18+"
        }
      ],
      "description": null
    },
    {
      "name": "Krušovice Bohém ležák světlý",
      "brand": "Krušovice",
      "product_url": "https://wolt.com/cs/cze/prague/venue/albert-vinohradska/krusovice-bohem-lezak-svetly-itemid-651c84939be1d1afd8dc1282",
      "image_url": "https://imageproxy.wolt.com/menu/menu-images/64ffec4406cca0140dfab831/370d0816-8ec9-11ee-98fd-fec31b4d5ee4_27741542.jpg",
      "categories": [
        "NÁPOJE",
        "PIVA"
      ],
      "prices": [
        {
          "store_name": "Albert",
          "price": 18.9,
          "original_price": null,
          "unit_price": 37.8,
          "unit": "l",
          "package_size": "500 ml",
          "condition": "Věkové omezení"
        }
      ],
      "description": null
    },
    {
      "name": "Chio tortillas Nacho Cheese",
      "brand": "Chio",
      "product_url": "https://wolt.com/cs/cze/prague/venue/albert-vinohradska/chio-tortillas-nacho-cheese-itemid-6602134c1908b15b0e2635cc",
      "image_url": "https://imageproxy.wolt.com/menu/menu-images/6601c613e48d1c8d95333085/c5a21f18-eae4-11ee-abb7-c2919b5ee551_27690048.jpg",
      "categories": [
        "TRVANLIVÉ",
        "SLANÉ"
      ],
      "prices": [
        {
          "store_name": "Albert",
          "price": 49.9,
          "original_price": null,
          "unit_price": 453.64,
          "unit": "Kg",
          "package_size": "110 g",
          "condition": null
        }
      ],
      "description": null
    },
    {
      "name": "Relax 100% multivitamín",
      "brand": "Relax",
      "product_url": "https://wolt.com/cs/cze/prague/venue/albert-vinohradska/relax-100-multivitamin-itemid-657233256818b938df947ad0",
      "image_url": "https://imageproxy.wolt.com/menu/menu-images/64ffec4406cca0140dfab831/d6652b44-8ebc-11ee-8dab-62f0ef4f63d8_26877167.jpg",
      "categories": [
        "NÁPOJE",
        "DŽUSY A NEKTARY"
      ],
      "prices": [
        {
          "store_name": "Albert",
          "price": 59.9,
          "original_price": null,
          "unit_price": 59.9,
          "unit": "l",
          "package_size": "1 l",
          "condition": null
        }
      ],
      "description": null
    },
    {
      "name": "Birgo Mango a limetka",
      "brand": "Birgo",
      "product_url": "https://wolt.com/cs/cze/prague/venue/albert-vinohradska/birgo-mango-a-limetka-itemid-64ca0b7cba162577de48997a",
      "image_url": "https://imageproxy.wolt.com/menu/menu-images/64ffec4406cca0140dfab831/40f9123c-8ec6-11ee-a646-bed13653e197_27605905.jpg",
      "categories": [
        "NÁPOJE",
        "PIVA"
      ],
      "prices": [
        {
          "store_name": "Albert",
          "price": 23.9,
          "original_price": null,
          "unit_price": 47.8,
          "unit": "l",
          "package_size": "500 ml, 0,3% alc",
          "condition": null
        }
      ],
      "description": null
    },
    {
      "name": "7Days Mini Croissant náplň kakaová",
      "brand": "7Days",
      "product_url": "https://wolt.com/cs/cze/prague/venue/albert-vinohradska/7days-mini-croissant-napln-kakaova-itemid-657233256818b938df947853",
      "image_url": "https://imageproxy.wolt.com/menu/menu-images/64ffec4406cca0140dfab831/2f978aac-8ec9-11ee-843f-5e576a1679f9_27740750.jpg",
      "categories": [
        "PEKÁRNA A CUKRÁRNA",
        "SLADKÉ PEČIVO BALENÉ"
      ],
      "prices": [
        {
          "store_name": "Albert",
          "price": 52.9,
          "original_price": null,
          "unit_price": 285.95,
          "unit": "Kg",
          "package_size": "185 g",
          "condition": null
        }
      ],
      "description": null
    },
    {
      "name": "Red Bull Pink Sugarfree s příchutí lesního ovoce",
      "brand": "Red",
      "product_url": "https://wolt.com/cs/cze/prague/venue/albert-vinohradska/red-bull-pink-sugarfree-s-prichuti-lesniho-ovoce-itemid-681b5abffcbd67bf7a8f4af6",
      "image_url": "https://imageproxy.wolt.com/menu/menu-images/63ad795db242366d1f818f36/e8822916-2b47-11f0-91d6-1655ed309fb4_27976074.jpg",
      "categories": [
        "NÁPOJE",
        "ENERGY NÁPOJE"
      ],
      "prices": [
        {
          "store_name": "Albert",
          "price": 32.9,
          "original_price": null,
          "unit_price": 131.6,
          "unit": "l",
          "package_size": "250 ml",
          "condition": null
        }
      ],
      "description": null
    },
    {
      "name": "Delicata Mléčná čokoláda s lískovými ořechy",
      "brand": "Delicata",
      "product_url": "https://wolt.com/cs/cze/prague/venue/albert-vinohradska/delicata-mlecna-cokolada-s-liskovymi-orechy-itemid-64ca0b7cba162577de4893fd",
      "image_url": "https://imageproxy.wolt.com/menu/menu-images/64ffec4406cca0140dfab831/2d11f192-8ec8-11ee-8b14-0aca939bb6cd_27706619.jpg",
      "categories": [
        "TRVANLIVÉ",
        "SLADKOSTI"
      ],
      "prices": [
        {
          "store_name": "Albert",
          "price": 39.9,
          "original_price": null,
          "unit_price": 399.0,
          "unit": "Kg",
          "package_size": "100 g",
          "condition": null
        }
      ],
      "description": null
    },
    {
      "name": "Hellmann's Majonéza",
      "brand": "Hellmann's",
      "product_url": "https://wolt.com/cs/cze/prague/venue/albert-vinohradska/hellmann-s-majoneza-itemid-64ca0b7cba162577de4896c7",
      "image_url": "https://imageproxy.wolt.com/menu/menu-images/64ffec4406cca0140dfab831/a0e9664c-8ead-11ee-9de8-1ef82258dff4_20971465.jpg",
      "categories": [
        "MLÉČNÉ A CHLAZENÉ",
        "MAJONÉZY A TATARKY"
      ],
      "prices": [
        {
          "store_name": "Albert",
          "price": 19.9,
          "original_price": null,
          "unit_price": 199.0,
          "unit": "l",
          "package_size": "100 ml",
          "condition": null
        }
      ],
      "description": null
    },
    {
      "name": "Dr. Oetker Baguette Pepperoni",
      "brand": "Dr. Oetker",
      "product_url": "https://wolt.com/cs/cze/prague/venue/albert-vinohradska/dr-oetker-baguette-pepperoni-itemid-6876153a0c6218e9f3e5f49a",
      "image_url": "https://imageproxy.wolt.com/menu/menu-images/63ad795db242366d1f818f36/3e7d178e-a8ea-11f0-97b5-6ef9046adb65_27855812.jpg",
      "categories": [
        "MRAŽENÉ POTRAVINY",
        "MRAŽENÁ PIZZA A HOTOVÁ JÍDLA"
      ],
      "prices": [
        {
          "store_name": "Albert",
          "price": 49.9,
          "original_price": null,
          "unit_price": 199.6,
          "unit": "Kg",
          "package_size": "250 g",
          "condition": null
        }
      ],
      "description": null
    },
    {
      "name": "Zott Jogobella Jogurt (mix příchutí)",
      "brand": "Zott",
      "product_url": "https://wolt.com/cs/cze/prague/venue/albert-vinohradska/zott-jogobella-jogurt-mix-prichuti-itemid-64ca0b7cba162577de489448",
      "image_url": "https://imageproxy.wolt.com/menu/menu-images/63ad795db242366d1f818f36/d69c6fec-7825-11f0-bd8c-f2fa7a2cce89_21196980.jpg",
      "categories": [
        "MLÉČNÉ A CHLAZENÉ",
        "JOGURTY A DEZERTY"
      ],
      "prices": [
        {
          "store_name": "Albert",
          "price": 14.9,
          "original_price": null,
          "unit_price": 99.33,
          "unit": "Kg",
          "package_size": "150 g",
          "condition": null
        }
      ],
      "description": null
    },
    {
      "name": "Baileys Salted Caramel 17%",
      "brand": "Baileys",
      "product_url": "https://wolt.com/cs/cze/prague/venue/albert-vinohradska/baileys-salted-caramel-17-itemid-64ca0b7cba162577de48a652",
      "image_url": "https://imageproxy.wolt.com/menu/menu-images/63ad795db242366d1f818f36/28c79f36-a8ea-11f0-896c-161170a6e630_27350560.jpg",
      "categories": [
        "NÁPOJE",
        "LIHOVINY"
      ],
      "prices": [
        {
          "store_name": "Albert",
          "price": 549.0,
          "original_price": null,
          "unit_price": 784.29,
          "unit": "l",
          "package_size": "700 ml, 17% alc",
          "condition": "18+"
        }
      ],
      "description": null
    },
    {
      "name": "La Grande Celebration Nealkoholické",
      "brand": "La",
      "product_url": "https://wolt.com/cs/cze/prague/venue/albert-vinohradska/la-grande-celebration-nealkoholicke-itemid-657233256818b938df948a67",
      "image_url": "https://imageproxy.wolt.com/menu/menu-images/64ffec4406cca0140dfab831/47862cc2-8ec9-11ee-92f2-ba65d8c33d05_27746295.jpg",
      "categories": [
        "NÁPOJE",
        "VÍNA"
      ],
      "prices": [
        {
          "store_name": "Albert",
          "price": 89.9,
          "original_price": null,
          "unit_price": 119.87,
          "unit": "l",
          "package_size": "750 ml",
          "condition": null
        }
      ],
      "description": null
    },
    {
      "name": "Vitana Grilovací koření s bylinkami",
      "brand": "Vitana",
      "product_url": "https://wolt.com/cs/cze/prague/venue/albert-vinohradska/vitana-grilovaci-koreni-s-bylinkami-itemid-64ca0b7cba162577de48918e",
      "image_url": "https://imageproxy.wolt.com/menu/menu-images/64ffec4406cca0140dfab831/c497ad94-8eba-11ee-bed7-662d260bbeaa_26684819.jpg",
      "categories": [
        "TRVANLIVÉ",
        "KOŘENÍ A OCHUCOVADLA"
      ],
      "prices": [
        {
          "store_name": "Albert",
          "price": 15.9,
          "original_price": null,
          "unit_price": 567.86,
          "unit": "Kg",
          "package_size": "28 g",
          "condition": null
        }
      ],
      "description": null
    },
    {
      "name": "Frolic Smiley Sticks Tyčinky kuřecí a hovězí",
      "brand": "Frolic",
      "product_url": "https://wolt.com/cs/cze/prague/venue/albert-vinohradska/frolic-smiley-sticks-tycinky-kureci-a-hovezi-itemid-64ca0b7cba162577de489e2f",
      "image_url": "https://imageproxy.wolt.com/menu/menu-images/64ffec4406cca0140dfab831/83cb9550-8eb5-11ee-8f5f-7a99d2fb2f9f_25577013.jpg",
      "categories": [
        "ZVÍŘATA",
        "PSI"
      ],
      "prices": [
        {
          "store_name": "Albert",
          "price": 54.9,
          "original_price": null,
          "unit_price": 313.71,
          "unit": "Kg",
          "package_size": "175 g",
          "condition": null
        }
      ],
      "description": null
    },
    {
      "name": "Maggi Magic Asia Smažené nudle Teriyaki",
      "brand": "Maggi",
      "product_url": "https://wolt.com/cs/cze/prague/venue/albert-vinohradska/maggi-magic-asia-smazene-nudle-teriyaki-itemid-657233256818b938df947945",
      "image_url": "https://imageproxy.wolt.com/menu/menu-images/64ffec4406cca0140dfab831/104aebae-8eb9-11ee-8be7-2a789dffa3ae_26363110.jpg",
      "categories": [
        "TRVANLIVÉ",
        "INSTANTNÍ POKRMY"
      ],
      "prices": [
        {
          "store_name": "Albert",
          "price": 54.9,
          "original_price": null,
          "unit_price": 422.31,
          "unit": "Kg",
          "package_size": "130 g",
          "condition": null
        }
      ],
      "description": null
    },
    {
      "name": "Kostíci Čokoparta jogurt vanilkový",
      "brand": "Kostíci",
      "product_url": "https://wolt.com/cs/cze/prague/venue/albert-vinohradska/kostici-cokoparta-jogurt-vanilkovy-itemid-64ca0b7cba162577de48922c",
      "image_url": "https://imageproxy.wolt.com/menu/menu-images/63ad795db242366d1f818f36/88a00bc2-2183-11ef-b8e5-52427855ee4f_21338175.jpg",
      "categories": [
        "MLÉČNÉ A CHLAZENÉ",
        "JOGURTY A DEZERTY"
      ],
      "prices": [
        {
          "store_name": "Albert",
          "price": 21.9,
          "original_price": null,
          "unit_price": 204.67,
          "unit": "Kg",
          "package_size": "107 g",
          "condition": null
        }
      ],
      "description": null
    },
    {
      "name": "Franz Josef Kaiser Sušená rajčata v oleji",
      "brand": "Franz Josef Kaiser",
      "product_url": "https://wolt.com/cs/cze/prague/venue/albert-vinohradska/franz-josef-kaiser-susena-rajcata-v-oleji-itemid-64ca0b7cba162577de489698",
      "image_url": "https://imageproxy.wolt.com/menu/menu-images/64ffec4406cca0140dfab831/e7510a3e-8eb4-11ee-9724-2e13ed999a8b_25449211.jpg",
      "categories": [
        "TRVANLIVÉ",
        "KONZERVOVANÉ POTR."
      ],
      "prices": [
        {
          "store_name": "Albert",
          "price": 69.9,
          "original_price": null,
          "unit_price": 635.45,
          "unit": "Kg",
          "package_size": "110 g",
          "condition": null
        }
      ],
      "description": null
    },
    {
      "name": "Albert Hlíva ústřičná",
      "brand": "Albert",
      "product_url": "https://wolt.com/cs/cze/prague/venue/albert-vinohradska/albert-hliva-ustricna-itemid-64ca0b7cba162577de48833d",
      "image_url": "https://imageproxy.wolt.com/menu/menu-images/64ffec4406cca0140dfab831/0a22af7a-8ead-11ee-b216-2e6db99b5925_20452124.jpg",
      "categories": [
        "OVOCE A ZELENINA",
        "HOUBY"
      ],
      "prices": [
        {
          "store_name": "Albert",
          "price": 59.9,
          "original_price": null,
          "unit_price": 199.67,
          "unit": "Kg",
          "package_size": "300 g",
          "condition": null
        }
      ],
      "description": null
    },
    {
      "name": "Relax Sirup malina",
      "brand": "Relax",
      "product_url": "https://wolt.com/cs/cze/prague/venue/albert-vinohradska/relax-sirup-malina-itemid-64ca0b7cba162577de4886d9",
      "image_url": "https://imageproxy.wolt.com/menu/menu-images/63ad795db242366d1f818f36/163a1ba4-7826-11f0-9922-ba80eada4c41_25459975.jpg",
      "categories": [
        "NÁPOJE",
        "SIRUPY A KONCENTRÁTY"
      ],
      "prices": [
        {
          "store_name": "Albert",
          "price": 79.9,
          "original_price": null,
          "unit_price": 114.14,
          "unit": "l",
          "package_size": "700 ml",
          "condition": null
        }
      ],
      "description": null
    },
    {
      "name": "World's Market Pesto zelené",
      "brand": "World's Market",
      "product_url": "https://wolt.com/cs/cze/prague/venue/albert-vinohradska/world-s-market-pesto-zelene-itemid-64ca0b7cba162577de4884c1",
      "image_url": "https://imageproxy.wolt.com/menu/menu-images/63ad795db242366d1f818f36/6dde8e7c-f0d1-11ee-8f6c-1a69b4a11372_27267202.jpg",
      "categories": [
        "TRVANLIVÉ",
        "KEČUPY A HOŘČICE"
      ],
      "prices": [
        {
          "store_name": "Albert",
          "price": 37.9,
          "original_price": null,
          "unit_price": 199.47,
          "unit": "Kg",
          "package_size": "190 g",
          "condition": null
        }
      ],
      "description": null
    },
    {
      "name": "Geisha Čokoláda plněná",
      "brand": "Geisha",
      "product_url": "https://wolt.com/cs/cze/prague/venue/albert-vinohradska/geisha-cokolada-plnena-itemid-64ca0b7cba162577de489426",
      "image_url": "https://imageproxy.wolt.com/menu/menu-images/64ffec4406cca0140dfab831/58e61e86-8eac-11ee-9e49-aa6a0c58eab8_20301613.jpg",
      "categories": [
        "TRVANLIVÉ",
        "SLADKOSTI"
      ],
      "prices": [
        {
          "store_name": "Albert",
          "price": 84.9,
          "original_price": null,
          "unit_price": 849.0,
          "unit": "Kg",
          "package_size": "100 g",
          "condition": null
        }
      ],
      "description": null
    },
    {
      "name": "Somat Tablety do myčky All in 1 Extra",
      "brand": "Somat",
      "product_url": "https://wolt.com/cs/cze/prague/venue/albert-vinohradska/somat-tablety-do-mycky-all-in-1-extra-itemid-657233256818b938df9487fc",
      "image_url": "https://imageproxy.wolt.com/menu/menu-images/6745ec28c3b7723db3588430/5fc80940-eb01-11f0-b249-168ad9b4fa59_27471579.jpg",
      "categories": [
        "DROGERIE A KOSMETIKA",
        "ČISTÍCÍ PROSTŘEDKY"
      ],
      "prices": [
        {
          "store_name": "Albert",
          "price": 379.0,
          "original_price": null,
          "unit_price": 3.79,
          "unit": "ks",
          "package_size": "‪100‬ kusů",
          "condition": null
        }
      ],
      "description": null
    },
    {
      "name": "Campari Bitter Likér 25%",
      "brand": "Campari",
      "product_url": "https://wolt.com/cs/cze/prague/venue/albert-vinohradska/campari-bitter-liker-25-itemid-64ca0b7cba162577de489d14",
      "image_url": "https://imageproxy.wolt.com/menu/menu-images/63ad795db242366d1f818f36/a21ca3f2-bbe4-11ef-855f-2e87e7f1eebe_20454579.jpg",
      "categories": [
        "NÁPOJE",
        "LIHOVINY"
      ],
      "prices": [
        {
          "store_name": "Albert",
          "price": 519.0,
          "original_price": null,
          "unit_price": 741.43,
          "unit": "l",
          "package_size": "700 ml, 25% alc",
          "condition": "18+"
        }
      ],
      "description": null
    },
    {
      "name": "Pampers Premium Care pleny velikost 5",
      "brand": "Pampers",
      "product_url": "https://wolt.com/cs/cze/prague/venue/albert-vinohradska/pampers-premium-care-pleny-velikost-5-itemid-64ca0b7cba162577de48a185",
      "image_url": "https://imageproxy.wolt.com/menu/menu-images/63ad795db242366d1f818f36/185146f6-168e-11ef-9fab-ba18c4db6d98_27126004.jpg",
      "categories": [
        "DÍTĚ",
        "PLENY A PODLOŽKY"
      ],
      "prices": [
        {
          "store_name": "Albert",
          "price": null,
          "original_price": null,
          "unit_price": 10.26,
          "unit": "ks",
          "package_size": "‪34‬ kusů",
          "condition": "Sleva"
        }
      ],
      "description": null
    },
    {
      "name": "Nescafé Dolce Gusto Latte Macchiato Caramel kapsle",
      "brand": "Nescafé",
      "product_url": "https://wolt.com/cs/cze/prague/venue/albert-vinohradska/nescafe-dolce-gusto-latte-macchiato-caramel-kapsle-itemid-64ca0b7cba162577de489782",
      "image_url": "https://imageproxy.wolt.com/menu/menu-images/64ffec4406cca0140dfab831/add34146-8eb4-11ee-9059-e2efa80c37b6_25382952.jpg",
      "categories": [
        "NÁPOJE",
        "KÁVA A ČAJ"
      ],
      "prices": [
        {
          "store_name": "Albert",
          "price": 149.9,
          "original_price": null,
          "unit_price": 9.37,
          "unit": "ks",
          "package_size": "‪16‬ kusů",
          "condition": null
        }
      ],
      "description": null
    },
    {
      "name": "Ramill Krupice hrubá pšeničná",
      "brand": "Ramill",
      "product_url": "https://wolt.com/cs/cze/prague/venue/albert-vinohradska/ramill-krupice-hruba-psenicna-itemid-64ca0b7cba162577de489cd3",
      "image_url": "https://imageproxy.wolt.com/menu/menu-images/64ffec4406cca0140dfab831/4d505e5a-8ead-11ee-9e71-faa0c7b9848f_20732288.jpg",
      "categories": [
        "TRVANLIVÉ",
        "PEČENÍ A VAŘENÍ"
      ],
      "prices": [
        {
          "store_name": "Albert",
          "price": 26.9,
          "original_price": null,
          "unit_price": 26.9,
          "unit": "Kg",
          "package_size": "1 kg",
          "condition": null
        }
      ],
      "description": null
    },
    {
      "name": "Hello 100% růžový grep",
      "brand": "Hello",
      "product_url": "https://wolt.com/cs/cze/prague/venue/albert-vinohradska/hello-100-ruzovy-grep-itemid-6601f9a8b41ea35412ed7233",
      "image_url": "https://imageproxy.wolt.com/menu/menu-images/6601c613e48d1c8d95333085/04a037d4-eae2-11ee-972b-c27cc33af372_20314439.jpg",
      "categories": [
        "NÁPOJE",
        "DŽUSY A NEKTARY"
      ],
      "prices": [
        {
          "store_name": "Albert",
          "price": 36.9,
          "original_price": null,
          "unit_price": 36.9,
          "unit": "l",
          "package_size": "1 l",
          "condition": null
        }
      ],
      "description": null
    },
    {
      "name": "Nivea Black & White Aqua, aluminum chlorohydrate, isoceteth-20, dicaprylyl ether, butylene glycol, glyceryl isostearate,",
      "brand": "Nivea",
      "product_url": "https://wolt.com/cs/cze/prague/venue/albert-vinohradska/nivea-black-white-aqua-aluminum-chlorohydrate-isoceteth-20-dicaprylyl-ether-butylene-glycol-glyceryl-isostearate-itemid-64ca0b7cba162577de488f13",
      "image_url": "https://imageproxy.wolt.com/menu/menu-images/64ffec4406cca0140dfab831/ec1b5566-8eb3-11ee-9c74-76d8d681f910_25190021.jpg",
      "categories": [
        "DROGERIE A KOSMETIKA",
        "DEODORANTY"
      ],
      "prices": [
        {
          "store_name": "Albert",
          "price": 89.9,
          "original_price": null,
          "unit_price": 1798.0,
          "unit": "l",
          "package_size": "50 ml",
          "condition": null
        }
      ],
      "description": null
    },
    {
      "name": "Albert Rýže předvařená sypaná",
      "brand": "Albert",
      "product_url": "https://wolt.com/cs/cze/prague/venue/albert-vinohradska/albert-ryze-predvarena-sypana-itemid-64ca0b7cba162577de4885fb",
      "image_url": "https://imageproxy.wolt.com/menu/menu-images/63ad795db242366d1f818f36/872915f6-66af-11ef-b281-1eb51599cb26_27157985.jpg",
      "categories": [
        "TRVANLIVÉ",
        "RÝŽE A LUŠTENINY"
      ],
      "prices": [
        {
          "store_name": "Albert",
          "price": 43.9,
          "original_price": null,
          "unit_price": 43.9,
          "unit": "Kg",
          "package_size": "1 kg",
          "condition": null
        }
      ],
      "description": null
    },
    {
      "name": "Nestlé Nesquik abeceda snídaňové cereálie",
      "brand": "Nestlé",
      "product_url": "https://wolt.com/cs/cze/prague/venue/albert-vinohradska/nestle-nesquik-abeceda-snidanove-cerealie-itemid-657233256818b938df948c21",
      "image_url": "https://imageproxy.wolt.com/menu/menu-images/64ffec4406cca0140dfab831/92e73ec8-8ec8-11ee-91cd-222205837f4e_27725979.jpg",
      "categories": [
        "TRVANLIVÉ",
        "MÜSLI A CEREÁLIE"
      ],
      "prices": [
        {
          "store_name": "Albert",
          "price": 119.9,
          "original_price": null,
          "unit_price": 368.92,
          "unit": "Kg",
          "package_size": "325 g",
          "condition": null
        }
      ],
      "description": null
    },
    {
      "name": "Nature's Promise Bio Džem výběrový borůvkový",
      "brand": "Nature's Promise",
      "product_url": "https://wolt.com/cs/cze/prague/venue/albert-vinohradska/nature-s-promise-bio-dzem-vyberovy-boruvkovy-itemid-64ca0b7cba162577de48a668",
      "image_url": "https://imageproxy.wolt.com/menu/menu-images/63ad795db242366d1f818f36/78d951b4-66af-11ef-8602-6a92fb0effc7_27731406.jpg",
      "categories": [
        "TRVANLIVÉ",
        "MEDY A SL. POMAZÁNKY"
      ],
      "prices": [
        {
          "store_name": "Albert",
          "price": null,
          "original_price": null,
          "unit_price": 166.3,
          "unit": "Kg",
          "package_size": "270 g",
          "condition": "Sleva"
        }
      ],
      "description": null
    },
    {
      "name": "Radegast ryze hořká 12",
      "brand": "Radegast",
      "product_url": "https://wolt.com/cs/cze/prague/venue/albert-vinohradska/radegast-ryze-horka-12-itemid-64ca0b7cba162577de48860d",
      "image_url": "https://imageproxy.wolt.com/menu/menu-images/63ad795db242366d1f818f36/cad7934e-7825-11f0-ad94-964402471bda_20403140.jpg",
      "categories": [
        "NÁPOJE",
        "PIVA"
      ],
      "prices": [
        {
          "store_name": "Albert",
          "price": 29.9,
          "original_price": null,
          "unit_price": 59.8,
          "unit": "l",
          "package_size": "500 ml, 5,1% alc",
          "condition": "18+"
        }
      ],
      "description": null
    },
    {
      "name": "Raffaello Pralinky s kokosem a celou mandlí",
      "brand": "Raffaello",
      "product_url": "https://wolt.com/cs/cze/prague/venue/albert-vinohradska/raffaello-pralinky-s-kokosem-a-celou-mandli-itemid-657233256818b938df94794f",
      "image_url": "https://imageproxy.wolt.com/menu/menu-images/63ad795db242366d1f818f36/10e4383e-25b4-11f0-a618-8ea1bc807389_23690547.jpg",
      "categories": [
        "TRVANLIVÉ",
        "SLADKOSTI"
      ],
      "prices": [
        {
          "store_name": "Albert",
          "price": 29.9,
          "original_price": null,
          "unit_price": 747.5,
          "unit": "Kg",
          "package_size": "40 g",
          "condition": null
        }
      ],
      "description": null
    },
    {
      "name": "Vina Mercedes Sauvignon Blanc",
      "brand": "Vina",
      "product_url": "https://wolt.com/cs/cze/prague/venue/albert-vinohradska/vina-mercedes-sauvignon-blanc-itemid-64ca0b7cba162577de48a14c",
      "image_url": "https://imageproxy.wolt.com/menu/menu-images/64ffec4406cca0140dfab831/4aa74182-8eb7-11ee-8973-f676b94e1855_25922912.jpg",
      "categories": [
        "NÁPOJE",
        "VÍNA"
      ],
      "prices": [
        {
          "store_name": "Albert",
          "price": 69.9,
          "original_price": null,
          "unit_price": 93.2,
          "unit": "l",
          "package_size": "750 ml, 11,5% alc",
          "condition": "18+"
        }
      ],
      "description": null
    },
    {
      "name": "Mirinda pomeranč",
      "brand": "Mirinda",
      "product_url": "https://wolt.com/cs/cze/prague/venue/albert-vinohradska/mirinda-pomeranc-itemid-64ca0b7cba162577de489bbc",
      "image_url": "https://imageproxy.wolt.com/menu/menu-images/64ffec4406cca0140dfab831/df9475fe-8eac-11ee-a1cc-a64f6127a8cf_20403317.jpg",
      "categories": [
        "NÁPOJE",
        "LIMONÁDY"
      ],
      "prices": [
        {
          "store_name": "Albert",
          "price": 22.9,
          "original_price": null,
          "unit_price": 45.8,
          "unit": "l",
          "package_size": "500 ml",
          "condition": null
        }
      ],
      "description": null
    },
    {
      "name": "Kinder Paradiso",
      "brand": "Kinder",
      "product_url": "https://wolt.com/cs/cze/prague/venue/albert-vinohradska/kinder-paradiso-itemid-64ca0b7cba162577de488807",
      "image_url": "https://imageproxy.wolt.com/menu/menu-images/63ad795db242366d1f818f36/0d406be8-7a84-11ef-9023-bed5829f5abe_23679443.jpg",
      "categories": [
        "MLÉČNÉ A CHLAZENÉ",
        "JOGURTY A DEZERTY"
      ],
      "prices": [
        {
          "store_name": "Albert",
          "price": null,
          "original_price": null,
          "unit_price": 686.21,
          "unit": "Kg",
          "package_size": "29 g",
          "condition": "Sleva"
        }
      ],
      "description": null
    },
    {
      "name": "Albert Hrozny tmavé bezsemenné",
      "brand": "Albert",
      "product_url": "https://wolt.com/cs/cze/prague/venue/albert-vinohradska/albert-hrozny-tmave-bezsemenne-itemid-64ca0b7cba162577de488491",
      "image_url": "https://imageproxy.wolt.com/menu/menu-images/63ad795db242366d1f818f36/44808eaa-1c04-11ef-9227-36c5dbcb7ef8_25381528.jpg",
      "categories": [
        "OVOCE A ZELENINA",
        "OVOCE"
      ],
      "prices": [
        {
          "store_name": "Albert",
          "price": 69.9,
          "original_price": null,
          "unit_price": 139.8,
          "unit": "Kg",
          "package_size": "500 g",
          "condition": null
        }
      ],
      "description": null
    },
    {
      "name": "Smetanito Smetanové",
      "brand": "Smetanito",
      "product_url": "https://wolt.com/cs/cze/prague/venue/albert-vinohradska/smetanito-smetanove-itemid-64ca0b7cba162577de4880bd",
      "image_url": "https://imageproxy.wolt.com/menu/menu-images/6745ec28c3b7723db3588430/0bf08988-da6b-11f0-a317-3e27305d2bc8_22947918.jpg",
      "categories": [
        "MLÉČNÉ A CHLAZENÉ",
        "SÝRY"
      ],
      "prices": [
        {
          "store_name": "Albert",
          "price": null,
          "original_price": null,
          "unit_price": 232.67,
          "unit": "Kg",
          "package_size": "150 g",
          "condition": "Sleva"
        }
      ],
      "description": null
    },
    {
      "name": "Albert Müsli tyčinka borůvková v polevě",
      "brand": "Albert",
      "product_url": "https://wolt.com/cs/cze/prague/venue/albert-vinohradska/albert-musli-tycinka-boruvkova-v-poleve-itemid-6602187b3951e9cc73bdfd20",
      "image_url": "https://imageproxy.wolt.com/menu/menu-images/6601c613e48d1c8d95333085/84673076-eae2-11ee-b6b9-0a57c3b26f42_24696067.jpg",
      "categories": [
        "TRVANLIVÉ",
        "MÜSLI A CEREÁLIE"
      ],
      "prices": [
        {
          "store_name": "Albert",
          "price": 8.7,
          "original_price": null,
          "unit_price": 348.0,
          "unit": "Kg",
          "package_size": "25 g",
          "condition": null
        }
      ],
      "description": null
    },
    {
      "name": "Halls Coolwave bonbóny mentol a eukalyptus",
      "brand": "Halls",
      "product_url": "https://wolt.com/cs/cze/prague/venue/albert-vinohradska/halls-coolwave-bonbony-mentol-a-eukalyptus-itemid-6601ea564a8afaf2fbd676a2",
      "image_url": "https://imageproxy.wolt.com/menu/menu-images/63ad795db242366d1f818f36/87e02c7c-be3e-11f0-8d97-8aedc17b3abc_20317423.jpg",
      "categories": [
        "TRVANLIVÉ",
        "SLADKOSTI"
      ],
      "prices": [
        {
          "store_name": "Albert",
          "price": null,
          "original_price": null,
          "unit_price": 360.61,
          "unit": "Kg",
          "package_size": "33 g",
          "condition": "Sleva"
        }
      ],
      "description": null
    },
    {
      "name": "Nescafé Gold Original instantní káva",
      "brand": "Nescafé",
      "product_url": "https://wolt.com/cs/cze/prague/venue/albert-vinohradska/nescafe-gold-original-instantni-kava-itemid-64ca0b7cba162577de489eba",
      "image_url": "https://imageproxy.wolt.com/menu/menu-images/63ad795db242366d1f818f36/2fffe8e4-26ff-11ef-ad8f-9e19b94af360_20319663.jpg",
      "categories": [
        "NÁPOJE",
        "KÁVA A ČAJ"
      ],
      "prices": [
        {
          "store_name": "Albert",
          "price": 319.0,
          "original_price": null,
          "unit_price": 1595.0,
          "unit": "Kg",
          "package_size": "200 g",
          "condition": null
        }
      ],
      "description": null
    },
    {
      "name": "Zott Jogobella Jogurt (mix příchutí)",
      "brand": "Zott",
      "product_url": "https://wolt.com/cs/cze/prague/venue/albert-vinohradska/zott-jogobella-jogurt-mix-prichuti-itemid-657233256818b938df9484ee",
      "image_url": "https://imageproxy.wolt.com/menu/menu-images/64ffec4406cca0140dfab831/dfd75032-8eb0-11ee-9a4b-02d10f7fce64_24111591.jpg",
      "categories": [
        "MLÉČNÉ A CHLAZENÉ",
        "JOGURTY A DEZERTY"
      ],
      "prices": [
        {
          "store_name": "Albert",
          "price": 14.9,
          "original_price": null,
          "unit_price": 99.33,
          "unit": "Kg",
          "package_size": "150 g",
          "condition": null
        }
      ],
      "description": null
    },
    {
      "name": "Kubík Svačinka malina a krupice",
      "brand": "Kubík",
      "product_url": "https://wolt.com/cs/cze/prague/venue/albert-vinohradska/kubik-svacinka-malina-a-krupice-itemid-657233256818b938df947c26",
      "image_url": "https://imageproxy.wolt.com/menu/menu-images/64ffec4406cca0140dfab831/0846003e-8ec7-11ee-9dee-86f1953ceff6_27639559.jpg",
      "categories": [
        "DÍTĚ",
        "VÝŽIVA"
      ],
      "prices": [
        {
          "store_name": "Albert",
          "price": 12.9,
          "original_price": null,
          "unit_price": 129.0,
          "unit": "Kg",
          "package_size": "100 g",
          "condition": null
        }
      ],
      "description": null
    },
    {
      "name": "Bref Color Aktiv Ocean WC blok",
      "brand": "Bref",
      "product_url": "https://wolt.com/cs/cze/prague/venue/albert-vinohradska/bref-color-aktiv-ocean-wc-blok-itemid-64ca0b7cba162577de4890d3",
      "image_url": "https://imageproxy.wolt.com/menu/menu-images/64ffec4406cca0140dfab831/a7e1c994-8ebc-11ee-b4da-a2650c40792b_26853529.jpg",
      "categories": [
        "DROGERIE A KOSMETIKA",
        "ČISTÍCÍ PROSTŘEDKY"
      ],
      "prices": [
        {
          "store_name": "Albert",
          "price": null,
          "original_price": null,
          "unit_price": 466.0,
          "unit": "Kg",
          "package_size": "150 g",
          "condition": "Sleva"
        }
      ],
      "description": null
    },
    {
      "name": "Colgate Gentle Whitening bělicí zubní pasta",
      "brand": "Colgate",
      "product_url": "https://wolt.com/cs/cze/prague/venue/albert-vinohradska/colgate-gentle-whitening-belici-zubni-pasta-itemid-6601ec58d916113bcf2e4a3c",
      "image_url": "https://imageproxy.wolt.com/menu/menu-images/6601c613e48d1c8d95333085/0d92f2de-eae5-11ee-81fe-767946bf8e19_27765456.jpg",
      "categories": [
        "DROGERIE A KOSMETIKA",
        "ÚSTNÍ HYGIENA"
      ],
      "prices": [
        {
          "store_name": "Albert",
          "price": 34.9,
          "original_price": null,
          "unit_price": 465.33,
          "unit": "l",
          "package_size": "75 ml",
          "condition": null
        }
      ],
      "description": null
    },
    {
      "name": "Bohemia Z pece Tyčinky sýrové",
      "brand": "Bohemia",
      "product_url": "https://wolt.com/cs/cze/prague/venue/albert-vinohradska/bohemia-z-pece-tycinky-syrove-itemid-651c85656194eec4b4260804",
      "image_url": "https://imageproxy.wolt.com/menu/menu-images/6745ec28c3b7723db3588430/12397054-d4fb-11f0-9585-523a8ce53439_27772591.jpg",
      "categories": [
        "TRVANLIVÉ",
        "SLANÉ"
      ],
      "prices": [
        {
          "store_name": "Albert",
          "price": 29.9,
          "original_price": null,
          "unit_price": 373.75,
          "unit": "Kg",
          "package_size": "80 g",
          "condition": null
        }
      ],
      "description": null
    },
    {
      "name": "Canti Prosecco DOC Bio",
      "brand": "Canti",
      "product_url": "https://wolt.com/cs/cze/prague/venue/albert-vinohradska/canti-prosecco-doc-bio-itemid-64ca0b7cba162577de48975a",
      "image_url": "https://imageproxy.wolt.com/menu/menu-images/64ffec4406cca0140dfab831/c358292c-8ebf-11ee-8807-4a6028ff4aea_27133125.jpg",
      "categories": [
        "NÁPOJE",
        "VÍNA"
      ],
      "prices": [
        {
          "store_name": "Albert",
          "price": 199.0,
          "original_price": null,
          "unit_price": 265.33,
          "unit": "l",
          "package_size": "750 ml, 11% alc",
          "condition": "18+"
        }
      ],
      "description": null
    },
    {
      "name": "Emma Müsli kakaové",
      "brand": "Emma",
      "product_url": "https://wolt.com/cs/cze/prague/venue/albert-vinohradska/emma-musli-kakaove-itemid-64ca0b7cba162577de488643",
      "image_url": "https://imageproxy.wolt.com/menu/menu-images/63ad795db242366d1f818f36/1b9d2544-d671-11ee-b892-7e650db8f8ae_24702515.jpg",
      "categories": [
        "TRVANLIVÉ",
        "MÜSLI A CEREÁLIE"
      ],
      "prices": [
        {
          "store_name": "Albert",
          "price": 45.9,
          "original_price": null,
          "unit_price": 131.14,
          "unit": "Kg",
          "package_size": "350 g",
          "condition": null
        }
      ],
      "description": null
    },
    {
      "name": "Purina One Sterilcat Kapsičky kuře a hovězí",
      "brand": "Purina",
      "product_url": "https://wolt.com/cs/cze/prague/venue/albert-vinohradska/purina-one-sterilcat-kapsicky-kure-a-hovezi-itemid-66020e4daf25c2c5f59c6d21",
      "image_url": "https://imageproxy.wolt.com/menu/menu-images/6601c613e48d1c8d95333085/2c0b1a1c-eae4-11ee-9c50-fe765a3658ea_27435182.jpg",
      "categories": [
        "ZVÍŘATA",
        "KOČKY"
      ],
      "prices": [
        {
          "store_name": "Albert",
          "price": 76.9,
          "original_price": null,
          "unit_price": 226.18,
          "unit": "Kg",
          "package_size": "340 g",
          "condition": null
        }
      ],
      "description": null
    },
    {
      "name": "Kingson Ovocný čaj čaj",
      "brand": "Kingson",
      "product_url": "https://wolt.com/cs/cze/prague/venue/albert-vinohradska/kingson-ovocny-caj-caj-itemid-64ca0b7cba162577de489734",
      "image_url": "https://imageproxy.wolt.com/menu/menu-images/64ffec4406cca0140dfab831/2539c76a-8eb9-11ee-9cdc-c64f1deb8de2_26371153.jpg",
      "categories": [
        "NÁPOJE",
        "KÁVA A ČAJ"
      ],
      "prices": [
        {
          "store_name": "Albert",
          "price": 39.9,
          "original_price": null,
          "unit_price": 266.0,
          "unit": "Kg",
          "package_size": "150 g",
          "condition": null
        }
      ],
      "description": null
    },
    {
      "name": "Albert Jogurt selský borůvka",
      "brand": "Albert",
      "product_url": "https://wolt.com/cs/cze/prague/venue/albert-vinohradska/albert-jogurt-selsky-boruvka-itemid-64ca0b7cba162577de48864f",
      "image_url": "https://imageproxy.wolt.com/menu/menu-images/64ffec4406cca0140dfab831/23f05ca4-8eb7-11ee-957d-1e9e4c6f0bda_25890891.jpg",
      "categories": [
        "MLÉČNÉ A CHLAZENÉ",
        "JOGURTY A DEZERTY"
      ],
      "prices": [
        {
          "store_name": "Albert",
          "price": 13.9,
          "original_price": null,
          "unit_price": 77.22,
          "unit": "Kg",
          "package_size": "180 g",
          "condition": null
        }
      ],
      "description": null
    },
    {
      "name": "Lagris Čočka",
      "brand": "Lagris",
      "product_url": "https://wolt.com/cs/cze/prague/venue/albert-vinohradska/lagris-cocka-itemid-64ca0b7cba162577de4895bf",
      "image_url": "https://imageproxy.wolt.com/menu/menu-images/64ffec4406cca0140dfab831/76b04454-8ead-11ee-856d-1ef82258dff4_20784423.jpg",
      "categories": [
        "TRVANLIVÉ",
        "RÝŽE A VAŘENÍ"
      ],
      "prices": [
        {
          "store_name": "Albert",
          "price": 43.9,
          "original_price": null,
          "unit_price": 87.8,
          "unit": "Kg",
          "package_size": "500 g",
          "condition": null
        }
      ],
      "description": null
    },
    {
      "name": "Albert Jogurtový nápoj jahoda",
      "brand": "Albert",
      "product_url": "https://wolt.com/cs/cze/prague/venue/albert-vinohradska/albert-jogurtovy-napoj-jahoda-itemid-64ca0b7cba162577de48858f",
      "image_url": "https://imageproxy.wolt.com/menu/menu-images/64ffec4406cca0140dfab831/7a1041aa-8eba-11ee-94c0-ca3c3355ab39_26632155.jpg",
      "categories": [
        "MLÉČNÉ A CHLAZENÉ",
        "MLÉČNÉ NÁPOJE"
      ],
      "prices": [
        {
          "store_name": "Albert",
          "price": 21.9,
          "original_price": null,
          "unit_price": 54.75,
          "unit": "Kg",
          "package_size": "400 g",
          "condition": null
        }
      ],
      "description": null
    },
    {
      "name": "Pepsi ZERO SUGAR",
      "brand": "Pepsi",
      "product_url": "https://wolt.com/cs/cze/prague/venue/albert-vinohradska/pepsi-zero-sugar-itemid-64ca0b7cba162577de488667",
      "image_url": "https://imageproxy.wolt.com/menu/menu-images/63ad795db242366d1f818f36/6416766e-e818-11ee-8fb3-0abacf7ba7f5_26965550.jpg",
      "categories": [
        "NÁPOJE",
        "LIMONÁDY"
      ],
      "prices": [
        {
          "store_name": "Albert",
          "price": 34.9,
          "original_price": null,
          "unit_price": 15.51,
          "unit": "l",
          "package_size": "2,25 l",
          "condition": null
        }
      ],
      "description": null
    },
    {
      "name": "Albert Eidam 30% plátky",
      "brand": "Albert",
      "product_url": "https://wolt.com/cs/cze/prague/venue/albert-vinohradska/albert-eidam-30-platky-itemid-64ca0b7cba162577de48997c",
      "image_url": "https://imageproxy.wolt.com/menu/menu-images/64ffec4406cca0140dfab831/ff87181a-8ebd-11ee-9826-36c5709726f2_26982595.jpg",
      "categories": [
        "MLÉČNÉ A CHLAZENÉ",
        "SÝRY"
      ],
      "prices": [
        {
          "store_name": "Albert",
          "price": 48.9,
          "original_price": null,
          "unit_price": 244.5,
          "unit": "Kg",
          "package_size": "200 g",
          "condition": null
        }
      ],
      "description": null
    },
    {
      "name": "Nature's Promise Bio Smetana zakysaná 15%",
      "brand": "Nature's Promise",
      "product_url": "https://wolt.com/cs/cze/prague/venue/albert-vinohradska/nature-s-promise-bio-smetana-zakysana-15-itemid-64ca0b7cba162577de488df7",
      "image_url": "https://imageproxy.wolt.com/menu/menu-images/63ad795db242366d1f818f36/6dfa38e0-8e26-11f0-9c6a-caa3fd29fd86_26464923.jpg",
      "categories": [
        "MLÉČNÉ A CHLAZENÉ",
        "SMETANY A ŠLEHAČKY"
      ],
      "prices": [
        {
          "store_name": "Albert",
          "price": null,
          "original_price": null,
          "unit_price": 102.29,
          "unit": "Kg",
          "package_size": "175 g",
          "condition": "Sleva"
        }
      ],
      "description": null
    },
    {
      "name": "Hamánek Ovocná přenídávka meruňka a jablko",
      "brand": "Hamánek",
      "product_url": "https://wolt.com/cs/cze/prague/venue/albert-vinohradska/hamanek-ovocna-prenidavka-merunka-a-jablko-itemid-64ca0b7cba162577de489882",
      "image_url": "https://imageproxy.wolt.com/menu/menu-images/64ffec4406cca0140dfab831/dfedd0b6-8ec2-11ee-ac9c-2289f94b8ae4_27332405.jpg",
      "categories": [
        "DÍTĚ",
        "VÝŽIVA"
      ],
      "prices": [
        {
          "store_name": "Albert",
          "price": 14.9,
          "original_price": null,
          "unit_price": 149.0,
          "unit": "Kg",
          "package_size": "100 g",
          "condition": null
        }
      ],
      "description": null
    },
    {
      "name": "Albert Excellent Sous Vide Vepřová žebra BBQ",
      "brand": "Albert Excellent",
      "product_url": "https://wolt.com/cs/cze/prague/venue/albert-vinohradska/albert-excellent-sous-vide-veprova-zebra-bbq-itemid-657233256818b938df94796d",
      "image_url": "https://imageproxy.wolt.com/menu/menu-images/63ad795db242366d1f818f36/85257eda-998b-11ee-b828-929d395ff55d_27260142.jpg",
      "categories": [
        "MASO A RYBY",
        "VEPŘOVÉ"
      ],
      "prices": [
        {
          "store_name": "Albert",
          "price": 179.0,
          "original_price": null,
          "unit_price": 298.33,
          "unit": "Kg",
          "package_size": "600 g",
          "condition": "Vyprodáno"
        }
      ],
      "description": null
    },
    {
      "name": "Albert Kousky hovězího a jater v omáčce",
      "brand": "Albert",
      "product_url": "https://wolt.com/cs/cze/prague/venue/albert-vinohradska/albert-kousky-hoveziho-a-jater-v-omacce-itemid-6601f7982a1c740167324a31",
      "image_url": "https://imageproxy.wolt.com/menu/menu-images/63ad795db242366d1f818f36/f24a0d60-7827-11f0-a2c0-46217a078f05_27767757.jpg",
      "categories": [
        "ZVÍŘATA",
        "KOČKY"
      ],
      "prices": [
        {
          "store_name": "Albert",
          "price": 24.9,
          "original_price": null,
          "unit_price": 60.0,
          "unit": "Kg",
          "package_size": "415 g",
          "condition": null
        }
      ],
      "description": null
    },
    {
      "name": "La Vida Bio čokoládová pomazánka bez lepku",
      "brand": "La Vida Bio",
      "product_url": "https://wolt.com/cs/cze/prague/venue/albert-vinohradska/la-vida-bio-cokoladova-pomazanka-bez-lepku-itemid-657233256818b938df94836b",
      "image_url": "https://imageproxy.wolt.com/menu/menu-images/64ffec4406cca0140dfab831/48451f96-8ec0-11ee-a59b-3abcd54edd52_27166338.jpg",
      "categories": [
        "TRVANLIVÉ",
        "SPECIÁLNÍ"
      ],
      "prices": [
        {
          "store_name": "Albert",
          "price": 160.0,
          "original_price": null,
          "unit_price": 592.59,
          "unit": "Kg",
          "package_size": "270 g",
          "condition": null
        }
      ],
      "description": null
    },
    {
      "name": "Gervais Original Krémový tvarohový sýr",
      "brand": "Gervais",
      "product_url": "https://wolt.com/cs/cze/prague/venue/albert-vinohradska/gervais-original-kremovy-tvarohovy-syr-itemid-64ca0b7cba162577de4892aa",
      "image_url": "https://imageproxy.wolt.com/menu/menu-images/63ad795db242366d1f818f36/ab099fbc-c92e-11f0-8216-3e0dbbc2e29d_21870798.jpg",
      "categories": [
        "MLÉČNÉ A CHLAZENÉ",
        "SÝRY"
      ],
      "prices": [
        {
          "store_name": "Albert",
          "price": null,
          "original_price": null,
          "unit_price": 311.25,
          "unit": "Kg",
          "package_size": "80 g",
          "condition": "Sleva"
        }
      ],
      "description": null
    },
    {
      "name": "Albert Langoše předsmažené",
      "brand": "Albert",
      "product_url": "https://wolt.com/cs/cze/prague/venue/albert-vinohradska/albert-langose-predsmazene-itemid-6876153a0c6218e9f3e5f485",
      "image_url": "https://imageproxy.wolt.com/menu/menu-images/64b62ec5e5ab70cdc92e30f0/3cac9bf4-616f-11f0-ac52-46145635dbbd_27839751.jpg",
      "categories": [
        "MRAŽENÉ POTRAVINY",
        "MRAŽENÁ PIZZA A HOTOVÁ JÍDLA"
      ],
      "prices": [
        {
          "store_name": "Albert",
          "price": 64.9,
          "original_price": null,
          "unit_price": 324.5,
          "unit": "Kg",
          "package_size": "200 g",
          "condition": null
        }
      ],
      "description": null
    },
    {
      "name": "Kotex Super tampóny",
      "brand": "Kotex",
      "product_url": "https://wolt.com/cs/cze/prague/venue/albert-vinohradska/kotex-super-tampony-itemid-657233256818b938df947f09",
      "image_url": "https://imageproxy.wolt.com/menu/menu-images/64ffec4406cca0140dfab831/812277a0-8eb1-11ee-b60b-e2efa80c37b6_24402057.jpg",
      "categories": [
        "DROGERIE A KOSMETIKA",
        "DÁMSKÉ HYG. POTŘEBY"
      ],
      "prices": [
        {
          "store_name": "Albert",
          "price": 129.9,
          "original_price": null,
          "unit_price": 4.06,
          "unit": "ks",
          "package_size": "‪32‬ kusů",
          "condition": null
        }
      ],
      "description": null
    },
    {
      "name": "Spontex Top Tex 5 utěrka houbová",
      "brand": "Spontex",
      "product_url": "https://wolt.com/cs/cze/prague/venue/albert-vinohradska/spontex-top-tex-5-uterka-houbova-itemid-64ca0b7cba162577de48946e",
      "image_url": "https://imageproxy.wolt.com/menu/menu-images/64ffec4406cca0140dfab831/cadb9322-8eb6-11ee-aada-1e037cde04d4_25840100.jpg",
      "categories": [
        "DOMÁCNOST A ZAHRADA",
        "ÚKLIDOVÉ POTŘEBY"
      ],
      "prices": [
        {
          "store_name": "Albert",
          "price": 59.9,
          "original_price": null,
          "unit_price": 11.98,
          "unit": "ks",
          "package_size": "‪5‬ kusů",
          "condition": null
        }
      ],
      "description": null
    },
    {
      "name": "Albert Excellent Fourme D'Ambert 50%",
      "brand": "Albert Excellent",
      "product_url": "https://wolt.com/cs/cze/prague/venue/albert-vinohradska/albert-excellent-fourme-d-ambert-50-itemid-64ca0b7cba162577de489b4f",
      "image_url": "https://imageproxy.wolt.com/menu/menu-images/63ad795db242366d1f818f36/5fa39a44-bbe4-11ef-91a4-f26a16068083_26120171.jpg",
      "categories": [
        "MLÉČNÉ A CHLAZENÉ",
        "SÝRY"
      ],
      "prices": [
        {
          "store_name": "Albert",
          "price": 59.67,
          "original_price": null,
          "unit_price": null,
          "unit": null,
          "package_size": null,
          "condition": "Vyprodáno"
        }
      ],
      "description": null
    },
    {
      "name": "YO Sirup bez cukru Pink paradise",
      "brand": "YO",
      "product_url": "https://wolt.com/cs/cze/prague/venue/albert-vinohradska/yo-sirup-bez-cukru-pink-paradise-itemid-681b5abffcbd67bf7a8f4a48",
      "image_url": "https://imageproxy.wolt.com/menu/menu-images/63ad795db242366d1f818f36/7d27af1a-2b47-11f0-a90e-a242ca7cb0da_27895610.jpg",
      "categories": [
        "NÁPOJE",
        "SIRUPY A KONCENTRÁTY"
      ],
      "prices": [
        {
          "store_name": "Albert",
          "price": 94.9,
          "original_price": null,
          "unit_price": 135.57,
          "unit": "l",
          "package_size": "700 ml",
          "condition": null
        }
      ],
      "description": null
    },
    {
      "name": "Náhrobní svíčky",
      "brand": "Náhrobní",
      "product_url": "https://wolt.com/cs/cze/prague/venue/albert-vinohradska/nahrobni-svicky-itemid-64ca0b7cba162577de489d42",
      "image_url": "https://imageproxy.wolt.com/menu/menu-images/63ad795db242366d1f818f36/ab36c0ac-9796-11ef-8b35-3eee105ae3ff_20476571.jpg",
      "categories": [
        "DOMÁCNOST A ZAHRADA",
        "SVÍČKY"
      ],
      "prices": [
        {
          "store_name": "Albert",
          "price": 44.9,
          "original_price": null,
          "unit_price": 11.23,
          "unit": "ks",
          "package_size": "‪4‬ kusů",
          "condition": null
        }
      ],
      "description": null
    },
    {
      "name": "Hello Ovocná přesnídávka s banány",
      "brand": "Hello",
      "product_url": "https://wolt.com/cs/cze/prague/venue/albert-vinohradska/hello-ovocna-presnidavka-s-banany-itemid-64ca0b7cba162577de488677",
      "image_url": "https://imageproxy.wolt.com/menu/menu-images/63ad795db242366d1f818f36/28a4debe-7826-11f0-9cf8-3a17da8a0619_25820904.jpg",
      "categories": [
        "DÍTĚ",
        "VÝŽIVA"
      ],
      "prices": [
        {
          "store_name": "Albert",
          "price": 7.9,
          "original_price": null,
          "unit_price": 79.0,
          "unit": "Kg",
          "package_size": "100 g",
          "condition": null
        }
      ],
      "description": null
    },
    {
      "name": "Vimi Polévka instantní nudlová kuřecí",
      "brand": "Vimi",
      "product_url": "https://wolt.com/cs/cze/prague/venue/albert-vinohradska/vimi-polevka-instantni-nudlova-kureci-itemid-6601e192cc411f34d5d1dc86",
      "image_url": "https://imageproxy.wolt.com/menu/menu-images/6601c613e48d1c8d95333085/6904d89c-eae2-11ee-aa4f-26602bd55ff2_23919617.jpg",
      "categories": [
        "UZENINY A LAHŮDKY",
        "HOTOVKY A PŘÍLOHY"
      ],
      "prices": [
        {
          "store_name": "Albert",
          "price": 15.9,
          "original_price": null,
          "unit_price": 318.0,
          "unit": "Kg",
          "package_size": "50 g",
          "condition": null
        }
      ],
      "description": null
    },
    {
      "name": "Perla Original Darjeeling Indický černý čaj",
      "brand": "Perla",
      "product_url": "https://wolt.com/cs/cze/prague/venue/albert-vinohradska/perla-original-darjeeling-indicky-cerny-caj-itemid-651c876b1e498d6e7d7bb29e",
      "image_url": "https://imageproxy.wolt.com/menu/menu-images/64ffec4406cca0140dfab831/ea73fd8c-8eca-11ee-b410-a670774e69e5_27791356.jpg",
      "categories": [
        "NÁPOJE",
        "KÁVA A ČAJ"
      ],
      "prices": [
        {
          "store_name": "Albert",
          "price": 67.9,
          "original_price": null,
          "unit_price": 2263.33,
          "unit": "Kg",
          "package_size": "30 g",
          "condition": "Vyprodáno"
        }
      ],
      "description": null
    },
    {
      "name": "Big Shock! Original energetický nápoj",
      "brand": "Big",
      "product_url": "https://wolt.com/cs/cze/prague/venue/albert-vinohradska/big-shock-original-energeticky-napoj-itemid-64ca0b7cba162577de488a15",
      "image_url": "https://imageproxy.wolt.com/menu/menu-images/63ad795db242366d1f818f36/91bb73cc-aef6-11ee-aecb-ea77e6fbb7af_23880801.jpg",
      "categories": [
        "NÁPOJE",
        "ENERGY NÁPOJE"
      ],
      "prices": [
        {
          "store_name": "Albert",
          "price": 41.9,
          "original_price": null,
          "unit_price": 83.8,
          "unit": "l",
          "package_size": "500 ml",
          "condition": null
        }
      ],
      "description": null
    },
    {
      "name": "Kostelecké Uzeniny Loupák pochoutkový",
      "brand": "Kostelecké",
      "product_url": "https://wolt.com/cs/cze/prague/venue/albert-vinohradska/kostelecke-uzeniny-loupak-pochoutkovy-itemid-657233256818b938df947ba9",
      "image_url": "https://imageproxy.wolt.com/menu/menu-images/63ad795db242366d1f818f36/f1b3ae72-f8ef-11ef-8970-b664ffa7ddf3_26950174.jpg",
      "categories": [
        "UZENINY A LAHŮDKY",
        "PÁRKY A KLOBÁSY"
      ],
      "prices": [
        {
          "store_name": "Albert",
          "price": null,
          "original_price": null,
          "unit_price": 132.06,
          "unit": "Kg",
          "package_size": "340 g",
          "condition": "Sleva"
        }
      ],
      "description": null
    },
    {
      "name": "Nicolaus Lime vodka 35%",
      "brand": "Nicolaus",
      "product_url": "https://wolt.com/cs/cze/prague/venue/albert-vinohradska/nicolaus-lime-vodka-35-itemid-657233256818b938df948585",
      "image_url": "https://imageproxy.wolt.com/menu/menu-images/64ffec4406cca0140dfab831/6672cbbc-8eca-11ee-9d9d-b649ab0f849e_27777954.jpg",
      "categories": [
        "NÁPOJE",
        "LIHOVINY"
      ],
      "prices": [
        {
          "store_name": "Albert",
          "price": 229.0,
          "original_price": null,
          "unit_price": 458.0,
          "unit": "l",
          "package_size": "500 ml, 35% alc",
          "condition": "18+"
        }
      ],
      "description": null
    },
    {
      "name": "Emco Mysli na zdraví Ovesné sušenky oříškové",
      "brand": "Emco",
      "product_url": "https://wolt.com/cs/cze/prague/venue/albert-vinohradska/emco-mysli-na-zdravi-ovesne-susenky-oriskove-itemid-64ca0b7cba162577de48951f",
      "image_url": "https://imageproxy.wolt.com/menu/menu-images/63ad795db242366d1f818f36/3598e762-0b7d-11ef-a7a1-4afa29e29ecc_23810365.jpg",
      "categories": [
        "TRVANLIVÉ",
        "SLADKOSTI"
      ],
      "prices": [
        {
          "store_name": "Albert",
          "price": 14.9,
          "original_price": null,
          "unit_price": 248.33,
          "unit": "Kg",
          "package_size": "60 g",
          "condition": null
        }
      ],
      "description": null
    },
    {
      "name": "Château Valtice Chardonnay",
      "brand": "Château",
      "product_url": "https://wolt.com/cs/cze/prague/venue/albert-vinohradska/chateau-valtice-chardonnay-itemid-657233256818b938df947a87",
      "image_url": "https://imageproxy.wolt.com/menu/menu-images/64ffec4406cca0140dfab831/40c1d574-8ead-11ee-be35-ca775a3f94cd_20717544.jpg",
      "categories": [
        "NÁPOJE",
        "VÍNA"
      ],
      "prices": [
        {
          "store_name": "Albert",
          "price": 109.9,
          "original_price": null,
          "unit_price": 146.53,
          "unit": "l",
          "package_size": "750 ml, 12% alc",
          "condition": "18+"
        }
      ],
      "description": null
    },
    {
      "name": "Gustona Cizrna",
      "brand": "Gustona",
      "product_url": "https://wolt.com/cs/cze/prague/venue/albert-vinohradska/gustona-cizrna-itemid-64ca0b7cba162577de48903d",
      "image_url": "https://imageproxy.wolt.com/menu/menu-images/63ad795db242366d1f818f36/34c084fe-ed44-11ef-bbe7-baf0befa6561_27597750.jpg",
      "categories": [
        "TRVANLIVÉ",
        "KONZERVOVANÉ POTR."
      ],
      "prices": [
        {
          "store_name": "Albert",
          "price": 24.9,
          "original_price": null,
          "unit_price": 103.75,
          "unit": "Kg",
          "package_size": "240 g",
          "condition": null
        }
      ],
      "description": null
    },
    {
      "name": "Gervais de la Crème Smetanový sýr",
      "brand": "Gervais",
      "product_url": "https://wolt.com/cs/cze/prague/venue/albert-vinohradska/gervais-de-la-creme-smetanovy-syr-itemid-681b5abffcbd67bf7a8f4a34",
      "image_url": "https://imageproxy.wolt.com/menu/menu-images/63ad795db242366d1f818f36/fd5b4da4-2b47-11f0-be93-1e4f01b2dfc5_27981825.jpg",
      "categories": [
        "MLÉČNÉ A CHLAZENÉ",
        "SÝRY"
      ],
      "prices": [
        {
          "store_name": "Albert",
          "price": null,
          "original_price": null,
          "unit_price": 249.44,
          "unit": "Kg",
          "package_size": "180 g",
          "condition": "Sleva"
        }
      ],
      "description": null
    },
    {
      "name": "Milka Oreo Tyčinka se sušenkami v čokoládě",
      "brand": "Milka",
      "product_url": "https://wolt.com/cs/cze/prague/venue/albert-vinohradska/milka-oreo-tycinka-se-susenkami-v-cokolade-itemid-64ca0b7cba162577de4889d7",
      "image_url": "https://imageproxy.wolt.com/menu/menu-images/64ffec4406cca0140dfab831/4bd9b234-8ebb-11ee-b2fd-9e446d541704_26761060.jpg",
      "categories": [
        "TRVANLIVÉ",
        "SLADKOSTI"
      ],
      "prices": [
        {
          "store_name": "Albert",
          "price": null,
          "original_price": null,
          "unit_price": 456.76,
          "unit": "Kg",
          "package_size": "37 g",
          "condition": "Sleva"
        }
      ],
      "description": null
    },
    {
      "name": "Nature's Promise Bio Mouka žitná chlebová",
      "brand": "Nature's Promise",
      "product_url": "https://wolt.com/cs/cze/prague/venue/albert-vinohradska/nature-s-promise-bio-mouka-zitna-chlebova-itemid-64ca0b7cba162577de489411",
      "image_url": "https://imageproxy.wolt.com/menu/menu-images/64ffec4406cca0140dfab831/4fed283e-8ebf-11ee-ad12-362f93bf1d5e_27107003.jpg",
      "categories": [
        "TRVANLIVÉ",
        "PEČENÍ A VAŘENÍ"
      ],
      "prices": [
        {
          "store_name": "Albert",
          "price": 39.9,
          "original_price": null,
          "unit_price": 39.9,
          "unit": "Kg",
          "package_size": "1 kg",
          "condition": null
        }
      ],
      "description": null
    },
    {
      "name": "Sommelier Collection Carmenére",
      "brand": "Sommelier",
      "product_url": "https://wolt.com/cs/cze/prague/venue/albert-vinohradska/sommelier-collection-carmenere-itemid-657233256818b938df94830f",
      "image_url": "https://imageproxy.wolt.com/menu/menu-images/64ffec4406cca0140dfab831/e2b95342-8ec7-11ee-8d4f-3aebc6ac32b3_27687383.jpg",
      "categories": [
        "NÁPOJE",
        "VÍNA"
      ],
      "prices": [
        {
          "store_name": "Albert",
          "price": 199.0,
          "original_price": null,
          "unit_price": 265.33,
          "unit": "l",
          "package_size": "750 ml, 13,5% alc",
          "condition": "18+"
        }
      ],
      "description": null
    },
    {
      "name": "Tena Lady Slim Normal inkotinenční vložky",
      "brand": "Tena",
      "product_url": "https://wolt.com/cs/cze/prague/venue/albert-vinohradska/tena-lady-slim-normal-inkotinencni-vlozky-itemid-64ca0b7cba162577de488ebb",
      "image_url": "https://imageproxy.wolt.com/menu/menu-images/64ffec4406cca0140dfab831/3e869b36-8ec2-11ee-ae51-2289f94b8ae4_27290453.jpg",
      "categories": [
        "DROGERIE A KOSMETIKA",
        "DÁMSKÉ HYG. POTŘEBY"
      ],
      "prices": [
        {
          "store_name": "Albert",
          "price": 84.9,
          "original_price": null,
          "unit_price": 7.08,
          "unit": "ks",
          "package_size": "‪12‬ kusů",
          "condition": null
        }
      ],
      "description": null
    },
    {
      "name": "Lovepet Pro psy drůbeží v omáčce",
      "brand": "Lovepet",
      "product_url": "https://wolt.com/cs/cze/prague/venue/albert-vinohradska/lovepet-pro-psy-drubezi-v-omacce-itemid-64ca0b7cba162577de4888ab",
      "image_url": "https://imageproxy.wolt.com/menu/menu-images/64ffec4406cca0140dfab831/bd8d945e-8eb1-11ee-b13d-b6ff72c7a500_24510257.jpg",
      "categories": [
        "ZVÍŘATA",
        "PSI"
      ],
      "prices": [
        {
          "store_name": "Albert",
          "price": 34.9,
          "original_price": null,
          "unit_price": 28.15,
          "unit": "Kg",
          "package_size": "1,24 kg",
          "condition": null
        }
      ],
      "description": null
    },
    {
      "name": "Nature's Promise Bio Červené fazole",
      "brand": "Nature's Promise",
      "product_url": "https://wolt.com/cs/cze/prague/venue/albert-vinohradska/nature-s-promise-bio-cervene-fazole-itemid-64ca0b7cba162577de48a4f8",
      "image_url": "https://imageproxy.wolt.com/menu/menu-images/63ad795db242366d1f818f36/03879b4a-f8f0-11ef-9050-96e63fc94a0d_27580363.jpg",
      "categories": [
        "TRVANLIVÉ",
        "KONZERVOVANÉ POTR."
      ],
      "prices": [
        {
          "store_name": "Albert",
          "price": 39.9,
          "original_price": null,
          "unit_price": 110.83,
          "unit": "Kg",
          "package_size": "360 g",
          "condition": null
        }
      ],
      "description": null
    },
    {
      "name": "Schär Chips original",
      "brand": "Schär",
      "product_url": "https://wolt.com/cs/cze/prague/venue/albert-vinohradska/schar-chips-original-itemid-64ca0b7cba162577de48a494",
      "image_url": "https://imageproxy.wolt.com/menu/menu-images/64ffec4406cca0140dfab831/50b15fa4-8ec1-11ee-9e1f-4eeff7c63e9c_27240335.jpg",
      "categories": [
        "TRVANLIVÉ",
        "SPECIÁLNÍ"
      ],
      "prices": [
        {
          "store_name": "Albert",
          "price": null,
          "original_price": null,
          "unit_price": 352.35,
          "unit": "Kg",
          "package_size": "170 g",
          "condition": "Sleva"
        }
      ],
      "description": null
    },
    {
      "name": "RUF Kukuřiční škrob jemný",
      "brand": "RUF",
      "product_url": "https://wolt.com/cs/cze/prague/venue/albert-vinohradska/ruf-kukuricni-skrob-jemny-itemid-6601ea219fe4efe7db74b39a",
      "image_url": "https://imageproxy.wolt.com/menu/menu-images/6601c613e48d1c8d95333085/b4925e78-eae3-11ee-95ea-fe226a5a372e_27184882.jpg",
      "categories": [
        "TRVANLIVÉ",
        "PEČENÍ A VAŘENÍ"
      ],
      "prices": [
        {
          "store_name": "Albert",
          "price": 32.9,
          "original_price": null,
          "unit_price": 82.25,
          "unit": "Kg",
          "package_size": "400 g",
          "condition": null
        }
      ],
      "description": null
    },
    {
      "name": "Albert Vepřové párky se sýrem",
      "brand": "Albert",
      "product_url": "https://wolt.com/cs/cze/prague/venue/albert-vinohradska/albert-veprove-parky-se-syrem-itemid-657233256818b938df947869",
      "image_url": "https://imageproxy.wolt.com/menu/menu-images/64ffec4406cca0140dfab831/162600f2-8ec5-11ee-9ce3-f6a0c6fd1153_27519738.jpg",
      "categories": [
        "UZENINY A LAHŮDKY",
        "PÁRKY A KLOBÁSY"
      ],
      "prices": [
        {
          "store_name": "Albert",
          "price": null,
          "original_price": null,
          "unit_price": 223.5,
          "unit": "Kg",
          "package_size": "200 g",
          "condition": "Sleva"
        }
      ],
      "description": null
    },
    {
      "name": "Sommelier Collection Veltlínské zelené",
      "brand": "Sommelier",
      "product_url": "https://wolt.com/cs/cze/prague/venue/albert-vinohradska/sommelier-collection-veltlinske-zelene-itemid-657233256818b938df94832e",
      "image_url": "https://imageproxy.wolt.com/menu/menu-images/64ffec4406cca0140dfab831/107b1ff0-8ec7-11ee-9d26-6e71a63f1558_27641583.jpg",
      "categories": [
        "NÁPOJE",
        "VÍNA"
      ],
      "prices": [
        {
          "store_name": "Albert",
          "price": 279.0,
          "original_price": null,
          "unit_price": 372.0,
          "unit": "l",
          "package_size": "750 ml, 12% alc",
          "condition": "18+"
        }
      ],
      "description": null
    },
    {
      "name": "Dr. Oetker Puding Naturamyl čokoládový",
      "brand": "Dr. Oetker",
      "product_url": "https://wolt.com/cs/cze/prague/venue/albert-vinohradska/dr-oetker-puding-naturamyl-cokoladovy-itemid-64ca0b7cba162577de48873b",
      "image_url": "https://imageproxy.wolt.com/menu/menu-images/63ad795db242366d1f818f36/e81a1360-a8e9-11f0-a634-ee3abc6fd4d3_20304416.jpg",
      "categories": [
        "TRVANLIVÉ",
        "PEČENÍ A VAŘENÍ"
      ],
      "prices": [
        {
          "store_name": "Albert",
          "price": 12.9,
          "original_price": null,
          "unit_price": 322.5,
          "unit": "Kg",
          "package_size": "40 g",
          "condition": null
        }
      ],
      "description": null
    },
    {
      "name": "Becherovka Lemond 20%",
      "brand": "Becherovka",
      "product_url": "https://wolt.com/cs/cze/prague/venue/albert-vinohradska/becherovka-lemond-20-itemid-64ca0b7cba162577de489c18",
      "image_url": "https://imageproxy.wolt.com/menu/menu-images/64ffec4406cca0140dfab831/7135c058-8eb2-11ee-a87a-8e381a14ed80_24758345.jpg",
      "categories": [
        "NÁPOJE",
        "LIHOVINY"
      ],
      "prices": [
        {
          "store_name": "Albert",
          "price": 249.0,
          "original_price": null,
          "unit_price": 498.0,
          "unit": "l",
          "package_size": "500 ml, 20% alc",
          "condition": "18+"
        }
      ],
      "description": null
    },
    {
      "name": "Targa Arancia",
      "brand": "Targa",
      "product_url": "https://wolt.com/cs/cze/prague/venue/albert-vinohradska/targa-arancia-itemid-657233256818b938df9482b5",
      "image_url": "https://imageproxy.wolt.com/menu/menu-images/63ad795db242366d1f818f36/ed6ca0ca-377b-11ef-8bc3-52dc0694a142_27421819.jpg",
      "categories": [
        "NÁPOJE",
        "LIMONÁDY"
      ],
      "prices": [
        {
          "store_name": "Albert",
          "price": 23.9,
          "original_price": null,
          "unit_price": 72.42,
          "unit": "l",
          "package_size": "330 ml",
          "condition": null
        }
      ],
      "description": null
    },
    {
      "name": "Vitana Do hrnečku S játrovými knedlíčky",
      "brand": "Vitana",
      "product_url": "https://wolt.com/cs/cze/prague/venue/albert-vinohradska/vitana-do-hrnecku-s-jatrovymi-knedlicky-itemid-66021b434d26d7aada311579",
      "image_url": "https://imageproxy.wolt.com/menu/menu-images/6601c613e48d1c8d95333085/98419d84-eae2-11ee-8aa8-4edc7219f866_25017670.jpg",
      "categories": [
        "TRVANLIVÉ",
        "INSTANTNÍ POKRMY"
      ],
      "prices": [
        {
          "store_name": "Albert",
          "price": 14.9,
          "original_price": null,
          "unit_price": 1064.29,
          "unit": "Kg",
          "package_size": "14 g",
          "condition": null
        }
      ],
      "description": null
    },
    {
      "name": "Hellmann's Majonéza",
      "brand": "Hellmann's",
      "product_url": "https://wolt.com/cs/cze/prague/venue/albert-vinohradska/hellmann-s-majoneza-itemid-64ca0b7cba162577de48a6b9",
      "image_url": "https://imageproxy.wolt.com/menu/menu-images/64ffec4406cca0140dfab831/976796c2-8ec9-11ee-a6cb-0aced5f44939_27750230.jpg",
      "categories": [
        "MLÉČNÉ A CHLAZENÉ",
        "MAJONÉZY A TATARKY"
      ],
      "prices": [
        {
          "store_name": "Albert",
          "price": 109.9,
          "original_price": null,
          "unit_price": 231.86,
          "unit": "Kg",
          "package_size": "474 g",
          "condition": null
        }
      ],
      "description": null
    },
    {
      "name": "Albert Křehké těsto",
      "brand": "Albert",
      "product_url": "https://wolt.com/cs/cze/prague/venue/albert-vinohradska/albert-krehke-testo-itemid-64ca0b7cba162577de489a3d",
      "image_url": "https://imageproxy.wolt.com/menu/menu-images/64ffec4406cca0140dfab831/bcfbb7a4-8ec6-11ee-8ce0-f29ca2c99672_27621509.jpg",
      "categories": [
        "UZENINY A LAHŮDKY",
        "HOTOVKY A PŘÍLOHY"
      ],
      "prices": [
        {
          "store_name": "Albert",
          "price": 38.9,
          "original_price": null,
          "unit_price": 111.14,
          "unit": "Kg",
          "package_size": "350 g",
          "condition": null
        }
      ],
      "description": null
    },
    {
      "name": "Kubík Water meloun a citrón",
      "brand": "Kubík",
      "product_url": "https://wolt.com/cs/cze/prague/venue/albert-vinohradska/kubik-water-meloun-a-citron-itemid-657233256818b938df947922",
      "image_url": "https://imageproxy.wolt.com/menu/menu-images/64ffec4406cca0140dfab831/90759754-8ec1-11ee-ad38-5e8c96b8dcdd_27254936.jpg",
      "categories": [
        "NÁPOJE",
        "VODY A MINERÁLKY"
      ],
      "prices": [
        {
          "store_name": "Albert",
          "price": 14.9,
          "original_price": null,
          "unit_price": 29.8,
          "unit": "l",
          "package_size": "500 ml",
          "condition": null
        }
      ],
      "description": null
    },
    {
      "name": "Madeta MAXI Lipánek smetanový bez laktózy",
      "brand": "Madeta",
      "product_url": "https://wolt.com/cs/cze/prague/venue/albert-vinohradska/madeta-maxi-lipanek-smetanovy-bez-laktozy-itemid-657233256818b938df9479a4",
      "image_url": "https://imageproxy.wolt.com/menu/menu-images/64ffec4406cca0140dfab831/9382a7c4-8ebd-11ee-aeee-5e4e081b1cfc_26953441.jpg",
      "categories": [
        "MLÉČNÉ A CHLAZENÉ",
        "JOGURTY A DEZERTY"
      ],
      "prices": [
        {
          "store_name": "Albert",
          "price": 25.9,
          "original_price": null,
          "unit_price": 199.23,
          "unit": "Kg",
          "package_size": "130 g",
          "condition": null
        }
      ],
      "description": null
    },
    {
      "name": "Barnängen Repairing krém na ruce",
      "brand": "Barnängen",
      "product_url": "https://wolt.com/cs/cze/prague/venue/albert-vinohradska/barnangen-repairing-krem-na-ruce-itemid-657233256818b938df94815a",
      "image_url": "https://imageproxy.wolt.com/menu/menu-images/64ffec4406cca0140dfab831/5e4d1db0-8ec1-11ee-9df7-56559ab64f60_27244913.jpg",
      "categories": [
        "DROGERIE A KOSMETIKA",
        "PÉČE O PLEŤ"
      ],
      "prices": [
        {
          "store_name": "Albert",
          "price": 139.9,
          "original_price": null,
          "unit_price": 1865.33,
          "unit": "l",
          "package_size": "75 ml",
          "condition": "Vyprodáno"
        }
      ],
      "description": null
    },
    {
      "name": "Spokar Plus Zubní kartáček, pack",
      "brand": "Spokar",
      "product_url": "https://wolt.com/cs/cze/prague/venue/albert-vinohradska/spokar-plus-zubni-kartacek-pack-itemid-64ca0b7cba162577de488f75",
      "image_url": "https://imageproxy.wolt.com/menu/menu-images/64ffec4406cca0140dfab831/773aa76a-8ebd-11ee-83d8-9ec5d8563a7d_26947013.jpg",
      "categories": [
        "DROGERIE A KOSMETIKA",
        "ÚSTNÍ HYGIENA"
      ],
      "prices": [
        {
          "store_name": "Albert",
          "price": 139.9,
          "original_price": null,
          "unit_price": 46.63,
          "unit": "ks",
          "package_size": "‪3‬ kusů",
          "condition": null
        }
      ],
      "description": null
    },
    {
      "name": "Korunní Mango jemně perlivá",
      "brand": "Korunní",
      "product_url": "https://wolt.com/cs/cze/prague/venue/albert-vinohradska/korunni-mango-jemne-perliva-itemid-64ca0b7cba162577de488245",
      "image_url": "https://imageproxy.wolt.com/menu/menu-images/64ffec4406cca0140dfab831/f79da720-8eb0-11ee-9fc9-1e037cde04d4_24155519.jpg",
      "categories": [
        "NÁPOJE",
        "VODY A MINERÁLKY"
      ],
      "prices": [
        {
          "store_name": "Albert",
          "price": 14.9,
          "original_price": null,
          "unit_price": 9.93,
          "unit": "l",
          "package_size": "1,5 l",
          "condition": null
        }
      ],
      "description": null
    },
    {
      "name": "Olma High Protein jogurt malina",
      "brand": "Olma",
      "product_url": "https://wolt.com/cs/cze/prague/venue/albert-vinohradska/olma-high-protein-jogurt-malina-itemid-657233256818b938df947a58",
      "image_url": "https://imageproxy.wolt.com/menu/menu-images/63ad795db242366d1f818f36/23264f76-2b47-11f0-b50d-721f14a8d899_27039342.jpg",
      "categories": [
        "MLÉČNÉ A CHLAZENÉ",
        "JOGURTY A DEZERTY"
      ],
      "prices": [
        {
          "store_name": "Albert",
          "price": 20.9,
          "original_price": null,
          "unit_price": 139.33,
          "unit": "Kg",
          "package_size": "150 g",
          "condition": null
        }
      ],
      "description": null
    },
    {
      "name": "Astrid Tyčinka na rty regenerační",
      "brand": "Astrid",
      "product_url": "https://wolt.com/cs/cze/prague/venue/albert-vinohradska/astrid-tycinka-na-rty-regeneracni-itemid-64ca0b7cba162577de48a0c8",
      "image_url": "https://imageproxy.wolt.com/menu/menu-images/64ffec4406cca0140dfab831/51a93860-8ebb-11ee-9ae7-76d18bdc0849_26766072.jpg",
      "categories": [
        "DROGERIE A KOSMETIKA",
        "PÉČE O PLEŤ"
      ],
      "prices": [
        {
          "store_name": "Albert",
          "price": 49.9,
          "original_price": null,
          "unit_price": 12475.0,
          "unit": "Kg",
          "package_size": "4 g",
          "condition": null
        }
      ],
      "description": null
    },
    {
      "name": "Franz Josef Kaiser Exclusive Špagety",
      "brand": "Franz Josef Kaiser",
      "product_url": "https://wolt.com/cs/cze/prague/venue/albert-vinohradska/franz-josef-kaiser-exclusive-spagety-itemid-657233256818b938df948a5c",
      "image_url": "https://imageproxy.wolt.com/menu/menu-images/64ffec4406cca0140dfab831/4fbeb4e0-8ec4-11ee-9d9f-9a1f6ae41663_27462805.jpg",
      "categories": [
        "TRVANLIVÉ",
        "TĚSTOVINY A KUSKUS"
      ],
      "prices": [
        {
          "store_name": "Albert",
          "price": 39.9,
          "original_price": null,
          "unit_price": 79.8,
          "unit": "Kg",
          "package_size": "500 g",
          "condition": null
        }
      ],
      "description": null
    },
    {
      "name": "Country Life Bio Kuskus celozrný",
      "brand": "Country",
      "product_url": "https://wolt.com/cs/cze/prague/venue/albert-vinohradska/country-life-bio-kuskus-celozrny-itemid-64ca0b7cba162577de489497",
      "image_url": "https://imageproxy.wolt.com/menu/menu-images/64ffec4406cca0140dfab831/561922ea-8eaf-11ee-bac4-7a8430ea266b_23257573.jpg",
      "categories": [
        "TRVANLIVÉ",
        "TĚSTOVINY A KUSKUS"
      ],
      "prices": [
        {
          "store_name": "Albert",
          "price": 51.9,
          "original_price": null,
          "unit_price": 103.8,
          "unit": "Kg",
          "package_size": "500 g",
          "condition": null
        }
      ],
      "description": null
    },
    {
      "name": "Madeta Blaťácké zlato",
      "brand": "Madeta",
      "product_url": "https://wolt.com/cs/cze/prague/venue/albert-vinohradska/madeta-blatacke-zlato-itemid-64ca0b7cba162577de489917",
      "image_url": "https://imageproxy.wolt.com/menu/menu-images/63ad795db242366d1f818f36/84ec6170-be3e-11f0-a0b2-2aae08339d60_20295813.jpg",
      "categories": [
        "MLÉČNÉ A CHLAZENÉ",
        "SÝRY"
      ],
      "prices": [
        {
          "store_name": "Albert",
          "price": 39.9,
          "original_price": null,
          "unit_price": 332.5,
          "unit": "Kg",
          "package_size": "120 g",
          "condition": null
        }
      ],
      "description": null
    },
    {
      "name": "Extrudo Kukuřičná strouhanka křupavá",
      "brand": "Extrudo",
      "product_url": "https://wolt.com/cs/cze/prague/venue/albert-vinohradska/extrudo-kukuricna-strouhanka-krupava-itemid-64ca0b7cba162577de488729",
      "image_url": "https://imageproxy.wolt.com/menu/menu-images/64ffec4406cca0140dfab831/5f85c7e2-8eb5-11ee-b9c0-3a1814765055_25539226.jpg",
      "categories": [
        "PEKÁRNA A CUKRÁRNA",
        "STROUHANKA"
      ],
      "prices": [
        {
          "store_name": "Albert",
          "price": null,
          "original_price": null,
          "unit_price": 119.5,
          "unit": "Kg",
          "package_size": "200 g",
          "condition": "Sleva"
        }
      ],
      "description": null
    },
    {
      "name": "Napoleon Ambassador 28%",
      "brand": "Napoleon",
      "product_url": "https://wolt.com/cs/cze/prague/venue/albert-vinohradska/napoleon-ambassador-28-itemid-657233256818b938df9485c5",
      "image_url": "https://imageproxy.wolt.com/menu/menu-images/64ffec4406cca0140dfab831/9b86d82c-8eb4-11ee-b648-662d260bbeaa_25366136.jpg",
      "categories": [
        "NÁPOJE",
        "LIHOVINY"
      ],
      "prices": [
        {
          "store_name": "Albert",
          "price": 209.0,
          "original_price": null,
          "unit_price": 298.57,
          "unit": "l",
          "package_size": "700 ml, 28% alc",
          "condition": "18+"
        }
      ],
      "description": null
    },
    {
      "name": "Olma Dezert pudingový se šlehačkou karamelový",
      "brand": "Olma",
      "product_url": "https://wolt.com/cs/cze/prague/venue/albert-vinohradska/olma-dezert-pudingovy-se-slehackou-karamelovy-itemid-64ca0b7cba162577de489960",
      "image_url": "https://imageproxy.wolt.com/menu/menu-images/64ffec4406cca0140dfab831/f87003ee-8ead-11ee-a461-1ef82258dff4_21491894.jpg",
      "categories": [
        "MLÉČNÉ A CHLAZENÉ",
        "JOGURTY A DEZERTY"
      ],
      "prices": [
        {
          "store_name": "Albert",
          "price": 19.9,
          "original_price": null,
          "unit_price": 99.5,
          "unit": "Kg",
          "package_size": "200 g",
          "condition": null
        }
      ],
      "description": null
    },
    {
      "name": "Smetanový jogurt oříšek",
      "brand": "Smetanový",
      "product_url": "https://wolt.com/cs/cze/prague/venue/albert-vinohradska/smetanovy-jogurt-orisek-itemid-64ca0b7cba162577de488305",
      "image_url": "https://imageproxy.wolt.com/menu/menu-images/64ffec4406cca0140dfab831/1187f74e-8eac-11ee-9b68-4e1b0e3e674e_20294106.jpg",
      "categories": [
        "MLÉČNÉ A CHLAZENÉ",
        "JOGURTY A DEZERTY"
      ],
      "prices": [
        {
          "store_name": "Albert",
          "price": null,
          "original_price": null,
          "unit_price": 79.33,
          "unit": "Kg",
          "package_size": "150 g",
          "condition": "Sleva"
        }
      ],
      "description": null
    },
    {
      "name": "Madeta Sýrařův výběr Moravský bochník 45%",
      "brand": "Madeta",
      "product_url": "https://wolt.com/cs/cze/prague/venue/albert-vinohradska/madeta-syraruv-vyber-moravsky-bochnik-45-itemid-64ca0b7cba162577de4884b9",
      "image_url": "https://imageproxy.wolt.com/menu/menu-images/64ffec4406cca0140dfab831/a473b54c-8ead-11ee-8e30-2e6db99b5925_20976934.jpg",
      "categories": [
        "MLÉČNÉ A CHLAZENÉ",
        "SÝRY"
      ],
      "prices": [
        {
          "store_name": "Albert",
          "price": 36.9,
          "original_price": null,
          "unit_price": 369.0,
          "unit": "Kg",
          "package_size": "100 g",
          "condition": null
        }
      ],
      "description": null
    },
    {
      "name": "Milka Mléčná čokoláda s jahodovou příchutí",
      "brand": "Milka",
      "product_url": "https://wolt.com/cs/cze/prague/venue/albert-vinohradska/milka-mlecna-cokolada-s-jahodovou-prichuti-itemid-657233256818b938df9478c6",
      "image_url": "https://imageproxy.wolt.com/menu/menu-images/64ffec4406cca0140dfab831/afda5d9c-8eac-11ee-a617-f2309c23f2b6_20318628.jpg",
      "categories": [
        "TRVANLIVÉ",
        "SLADKOSTI"
      ],
      "prices": [
        {
          "store_name": "Albert",
          "price": null,
          "original_price": null,
          "unit_price": 299.0,
          "unit": "Kg",
          "package_size": "100 g",
          "condition": "Sleva"
        }
      ],
      "description": null
    },
    {
      "name": "Rýžové nudle vlasové",
      "brand": "Rýžové",
      "product_url": "https://wolt.com/cs/cze/prague/venue/albert-vinohradska/ryzove-nudle-vlasove-itemid-64ca0b7cba162577de489bcd",
      "image_url": "https://imageproxy.wolt.com/menu/menu-images/64ffec4406cca0140dfab831/a7735406-8eb1-11ee-a87a-8e381a14ed80_24447447.jpg",
      "categories": [
        "TRVANLIVÉ",
        "MEZINÁRODNÍ KUCHYNĚ"
      ],
      "prices": [
        {
          "store_name": "Albert",
          "price": 59.9,
          "original_price": null,
          "unit_price": 299.5,
          "unit": "Kg",
          "package_size": "200 g",
          "condition": null
        }
      ],
      "description": null
    },
    {
      "name": "Schwarzkopf Gliss Full Wonder šampon na vlasy",
      "brand": "Schwarzkopf",
      "product_url": "https://wolt.com/cs/cze/prague/venue/albert-vinohradska/schwarzkopf-gliss-full-wonder-sampon-na-vlasy-itemid-681b5abffcbd67bf7a8f4b37",
      "image_url": "https://imageproxy.wolt.com/menu/menu-images/63ad795db242366d1f818f36/f2f30d66-2b47-11f0-a02d-deaa18cb583f_27977545.jpg",
      "categories": [
        "DROGERIE A KOSMETIKA",
        "PÉČE O VLASY"
      ],
      "prices": [
        {
          "store_name": "Albert",
          "price": 119.9,
          "original_price": null,
          "unit_price": 299.75,
          "unit": "l",
          "package_size": "400 ml",
          "condition": null
        }
      ],
      "description": null
    },
    {
      "name": "Hello Sirup Expreso tea",
      "brand": "Hello",
      "product_url": "https://wolt.com/cs/cze/prague/venue/albert-vinohradska/hello-sirup-expreso-tea-itemid-657233256818b938df9486ac",
      "image_url": "https://imageproxy.wolt.com/menu/menu-images/64ffec4406cca0140dfab831/df3786ea-8ebc-11ee-8d4d-a6b73cfda2ad_26885421.jpg",
      "categories": [
        "NÁPOJE",
        "SIRUPY A KONCENTRÁTY"
      ],
      "prices": [
        {
          "store_name": "Albert",
          "price": 59.9,
          "original_price": null,
          "unit_price": 85.57,
          "unit": "l",
          "package_size": "700 ml",
          "condition": null
        }
      ],
      "description": null
    },
    {
      "name": "L'Oréal Paris Elseve Color-Vive balzám",
      "brand": "L'Oréal",
      "product_url": "https://wolt.com/cs/cze/prague/venue/albert-vinohradska/l-oreal-paris-elseve-color-vive-balzam-itemid-64ca0b7cba162577de488f89",
      "image_url": "https://imageproxy.wolt.com/menu/menu-images/63ad795db242366d1f818f36/2cf57b9a-7826-11f0-9236-da563457d4c3_26049496.jpg",
      "categories": [
        "DROGERIE A KOSMETIKA",
        "PÉČE O VLASY"
      ],
      "prices": [
        {
          "store_name": "Albert",
          "price": 159.0,
          "original_price": null,
          "unit_price": 530.0,
          "unit": "l",
          "package_size": "300 ml",
          "condition": null
        }
      ],
      "description": null
    },
    {
      "name": "Parodontax Active Gum Health Fresh ústní voda",
      "brand": "Parodontax",
      "product_url": "https://wolt.com/cs/cze/prague/venue/albert-vinohradska/parodontax-active-gum-health-fresh-ustni-voda-itemid-64ca0b7cba162577de489e47",
      "image_url": "https://imageproxy.wolt.com/menu/menu-images/64ffec4406cca0140dfab831/2229affa-8eb3-11ee-ab7b-662d260bbeaa_24959810.jpg",
      "categories": [
        "DROGERIE A KOSMETIKA",
        "ÚSTNÍ HYGIENA"
      ],
      "prices": [
        {
          "store_name": "Albert",
          "price": null,
          "original_price": null,
          "unit_price": 239.8,
          "unit": "l",
          "package_size": "500 ml",
          "condition": "Sleva"
        }
      ],
      "description": null
    },
    {
      "name": "Gordon's Dry Gin 37,5%",
      "brand": "Gordon's",
      "product_url": "https://wolt.com/cs/cze/prague/venue/albert-vinohradska/gordon-s-dry-gin-37-5-itemid-64ca0b7cba162577de4899eb",
      "image_url": "https://imageproxy.wolt.com/menu/menu-images/63ad795db242366d1f818f36/b5e68886-ed43-11ef-9c22-f2c97d1ede30_21609268.jpg",
      "categories": [
        "NÁPOJE",
        "LIHOVINY"
      ],
      "prices": [
        {
          "store_name": "Albert",
          "price": 479.0,
          "original_price": null,
          "unit_price": 684.29,
          "unit": "l",
          "package_size": "700 ml, 37,5% alc",
          "condition": "18+"
        }
      ],
      "description": null
    },
    {
      "name": "Ludwig Family Hibernal",
      "brand": "Ludwig",
      "product_url": "https://wolt.com/cs/cze/prague/venue/albert-vinohradska/ludwig-family-hibernal-itemid-657233256818b938df948976",
      "image_url": "https://imageproxy.wolt.com/menu/menu-images/64ffec4406cca0140dfab831/89bd6978-8ec6-11ee-95bc-fe512f326f5c_27611678.jpg",
      "categories": [
        "NÁPOJE",
        "VÍNA"
      ],
      "prices": [
        {
          "store_name": "Albert",
          "price": 149.9,
          "original_price": null,
          "unit_price": 199.87,
          "unit": "l",
          "package_size": "750 ml, 12% alc",
          "condition": "18+"
        }
      ],
      "description": null
    },
    {
      "name": "Nature’s Promise Jogurt kozí slaný karamel",
      "brand": "Nature’s",
      "product_url": "https://wolt.com/cs/cze/prague/venue/albert-vinohradska/nature-s-promise-jogurt-kozi-slany-karamel-itemid-657233256818b938df948af2",
      "image_url": "https://imageproxy.wolt.com/menu/menu-images/64ffec4406cca0140dfab831/15c45cac-8ecb-11ee-90cb-8a2356a84f6b_27794777.jpg",
      "categories": [
        "MLÉČNÉ A CHLAZENÉ",
        "JOGURTY A DEZERTY"
      ],
      "prices": [
        {
          "store_name": "Albert",
          "price": null,
          "original_price": null,
          "unit_price": 159.33,
          "unit": "Kg",
          "package_size": "150 g",
          "condition": "Sleva"
        }
      ],
      "description": null
    },
    {
      "name": "Paprika světlá",
      "brand": null,
      "product_url": "https://wolt.com/cs/cze/prague/venue/albert-vinohradska/paprika-svetla-itemid-68b4ae28f47ae3defac199c8",
      "image_url": "https://imageproxy.wolt.com/menu/menu-images/6666a3a295b96e9eba377ef3/e1163550-04c3-11f0-8c44-92891740eb3e_20698171.jpg",
      "categories": [
        "OVOCE A ZELENINA",
        "ZELENINA"
      ],
      "prices": [
        {
          "store_name": "Albert",
          "price": 12.99,
          "original_price": null,
          "unit_price": null,
          "unit": null,
          "package_size": "~130 g",
          "condition": null
        }
      ],
      "description": null
    },
    {
      "name": "Evian Přírodní minerální voda nesycená",
      "brand": "Evian",
      "product_url": "https://wolt.com/cs/cze/prague/venue/albert-vinohradska/evian-prirodni-mineralni-voda-nesycena-itemid-657233256818b938df948b5b",
      "image_url": "https://imageproxy.wolt.com/menu/menu-images/64ffec4406cca0140dfab831/90d7d41e-8ead-11ee-b6ff-0ac38c9dbe6d_20877071.jpg",
      "categories": [
        "NÁPOJE",
        "VODY A MINERÁLKY"
      ],
      "prices": [
        {
          "store_name": "Albert",
          "price": 47.9,
          "original_price": null,
          "unit_price": 31.93,
          "unit": "l",
          "package_size": "1,5 l",
          "condition": null
        }
      ],
      "description": null
    },
    {
      "name": "Nivea Men Active Clean sprchový gel pro muže",
      "brand": "Nivea",
      "product_url": "https://wolt.com/cs/cze/prague/venue/albert-vinohradska/nivea-men-active-clean-sprchovy-gel-pro-muze-itemid-64ca0b7cba162577de488f5d",
      "image_url": "https://imageproxy.wolt.com/menu/menu-images/63ad795db242366d1f818f36/5a821432-bbe4-11ef-a480-dee4180eae6c_26360928.jpg",
      "categories": [
        "DROGERIE A KOSMETIKA",
        "MÝDLA A GELY"
      ],
      "prices": [
        {
          "store_name": "Albert",
          "price": 74.9,
          "original_price": null,
          "unit_price": 299.6,
          "unit": "l",
          "package_size": "250 ml",
          "condition": null
        }
      ],
      "description": null
    },
    {
      "name": "Perla Bio Černý čaj sypaný",
      "brand": "Perla",
      "product_url": "https://wolt.com/cs/cze/prague/venue/albert-vinohradska/perla-bio-cerny-caj-sypany-itemid-651c875108353cd4436a5e0f",
      "image_url": "https://imageproxy.wolt.com/menu/menu-images/64ffec4406cca0140dfab831/ea87d0dc-8eca-11ee-8038-768b824ebd6b_27791332.jpg",
      "categories": [
        "NÁPOJE",
        "KÁVA A ČAJ"
      ],
      "prices": [
        {
          "store_name": "Albert",
          "price": 67.9,
          "original_price": null,
          "unit_price": 848.75,
          "unit": "Kg",
          "package_size": "80 g",
          "condition": null
        }
      ],
      "description": null
    },
    {
      "name": "Nature's Promise Orange Power shot",
      "brand": "Nature's Promise",
      "product_url": "https://wolt.com/cs/cze/prague/venue/albert-vinohradska/nature-s-promise-orange-power-shot-itemid-64ca0b7cba162577de48a333",
      "image_url": "https://imageproxy.wolt.com/menu/menu-images/64ffec4406cca0140dfab831/2cf0c25a-8ec9-11ee-9043-4ac62f71ddef_27740682.jpg",
      "categories": [
        "NÁPOJE",
        "DŽUSY A NEKTARY"
      ],
      "prices": [
        {
          "store_name": "Albert",
          "price": 32.9,
          "original_price": null,
          "unit_price": 263.2,
          "unit": "l",
          "package_size": "125 ml",
          "condition": null
        }
      ],
      "description": null
    },
    {
      "name": "Thomas Henry Tonic Water",
      "brand": "Thomas",
      "product_url": "https://wolt.com/cs/cze/prague/venue/albert-vinohradska/thomas-henry-tonic-water-itemid-64ca0b7cba162577de48a397",
      "image_url": "https://imageproxy.wolt.com/menu/menu-images/64ffec4406cca0140dfab831/f8c69858-8ec1-11ee-9c3c-9a1f6ae41663_27272145.jpg",
      "categories": [
        "NÁPOJE",
        "LIMONÁDY"
      ],
      "prices": [
        {
          "store_name": "Albert",
          "price": 34.9,
          "original_price": null,
          "unit_price": 174.5,
          "unit": "l",
          "package_size": "200 ml",
          "condition": null
        }
      ],
      "description": null
    },
    {
      "name": "Datle Medjool",
      "brand": "Datle",
      "product_url": "https://wolt.com/cs/cze/prague/venue/albert-vinohradska/datle-medjool-itemid-64ca0b7cba162577de489b81",
      "image_url": "https://imageproxy.wolt.com/menu/menu-images/64ffec4406cca0140dfab831/78f32022-8ebe-11ee-8fa8-d61ea9882201_27033197.jpg",
      "categories": [
        "OVOCE A ZELENINA",
        "SUCHÉ PLODY"
      ],
      "prices": [
        {
          "store_name": "Albert",
          "price": 79.9,
          "original_price": null,
          "unit_price": 443.89,
          "unit": "Kg",
          "package_size": "180 g",
          "condition": "Vyprodáno"
        }
      ],
      "description": null
    },
    {
      "name": "Perfect Fit Sterile granule s kuřecím",
      "brand": "Perfect Fit",
      "product_url": "https://wolt.com/cs/cze/prague/venue/albert-vinohradska/perfect-fit-sterile-granule-s-kurecim-itemid-64ca0b7cba162577de48a1b3",
      "image_url": "https://imageproxy.wolt.com/menu/menu-images/64ffec4406cca0140dfab831/70e3a8d2-8ebb-11ee-a347-92f467c0c86c_26772363.jpg",
      "categories": [
        "ZVÍŘATA",
        "KOČKY"
      ],
      "prices": [
        {
          "store_name": "Albert",
          "price": 99.9,
          "original_price": null,
          "unit_price": 133.2,
          "unit": "Kg",
          "package_size": "750 g",
          "condition": null
        }
      ],
      "description": null
    },
    {
      "name": "Zott Monte Mléčný dezert (mix příchutí)",
      "brand": "Zott",
      "product_url": "https://wolt.com/cs/cze/prague/venue/albert-vinohradska/zott-monte-mlecny-dezert-mix-prichuti-itemid-657233256818b938df94873c",
      "image_url": "https://imageproxy.wolt.com/menu/menu-images/64ffec4406cca0140dfab831/ea3b70dc-8eb8-11ee-9863-c6aa6b123400_26322568.jpg",
      "categories": [
        "MLÉČNÉ A CHLAZENÉ",
        "JOGURTY A DEZERTY"
      ],
      "prices": [
        {
          "store_name": "Albert",
          "price": 27.9,
          "original_price": null,
          "unit_price": 223.2,
          "unit": "Kg",
          "package_size": "125 g",
          "condition": null
        }
      ],
      "description": null
    },
    {
      "name": "Head & Shoulders Classic Clean šampon proti lupům",
      "brand": "Head",
      "product_url": "https://wolt.com/cs/cze/prague/venue/albert-vinohradska/head-shoulders-classic-clean-sampon-proti-lupum-itemid-64ca0b7cba162577de488dd9",
      "image_url": "https://imageproxy.wolt.com/menu/menu-images/63ad795db242366d1f818f36/3eb60dac-d671-11ee-8d16-faa443b702ab_27189092.jpg",
      "categories": [
        "DROGERIE A KOSMETIKA",
        "PÉČE O VLASY"
      ],
      "prices": [
        {
          "store_name": "Albert",
          "price": 239.0,
          "original_price": null,
          "unit_price": 298.75,
          "unit": "l",
          "package_size": "800 ml",
          "condition": null
        }
      ],
      "description": null
    },
    {
      "name": "Wasa Sport",
      "brand": "Wasa",
      "product_url": "https://wolt.com/cs/cze/prague/venue/albert-vinohradska/wasa-sport-itemid-64ca0b7cba162577de4897ef",
      "image_url": "https://imageproxy.wolt.com/menu/menu-images/64ffec4406cca0140dfab831/13481d4c-8eb2-11ee-a27e-7a99d2fb2f9f_24658904.jpg",
      "categories": [
        "PEKÁRNA A CUKRÁRNA",
        "RACIO A KNÄCKEBROT"
      ],
      "prices": [
        {
          "store_name": "Albert",
          "price": 63.9,
          "original_price": null,
          "unit_price": 232.36,
          "unit": "Kg",
          "package_size": "275 g",
          "condition": null
        }
      ],
      "description": null
    },
    {
      "name": "Albert Kvasný ocet lihový",
      "brand": "Albert",
      "product_url": "https://wolt.com/cs/cze/prague/venue/albert-vinohradska/albert-kvasny-ocet-lihovy-itemid-64ca0b7cba162577de48869b",
      "image_url": "https://imageproxy.wolt.com/menu/menu-images/64ffec4406cca0140dfab831/de29f0ba-8eaf-11ee-8e45-aa6a0c58eab8_23560123.jpg",
      "categories": [
        "TRVANLIVÉ",
        "OLEJE A OCTY"
      ],
      "prices": [
        {
          "store_name": "Albert",
          "price": 14.9,
          "original_price": null,
          "unit_price": 14.9,
          "unit": "l",
          "package_size": "1 l",
          "condition": null
        }
      ],
      "description": null
    },
    {
      "name": "Albert Majonéza",
      "brand": "Albert",
      "product_url": "https://wolt.com/cs/cze/prague/venue/albert-vinohradska/albert-majoneza-itemid-64ca0b7cba162577de48905d",
      "image_url": "https://imageproxy.wolt.com/menu/menu-images/64ffec4406cca0140dfab831/ab11a9ac-8eb9-11ee-8acc-2a867062f6f7_26471716.jpg",
      "categories": [
        "MLÉČNÉ A CHLAZENÉ",
        "MAJONÉZY A TATARKY"
      ],
      "prices": [
        {
          "store_name": "Albert",
          "price": 29.9,
          "original_price": null,
          "unit_price": 119.6,
          "unit": "l",
          "package_size": "250 ml",
          "condition": "Vyprodáno"
        }
      ],
      "description": null
    },
    {
      "name": "Perla Colombia zrnková káva",
      "brand": "Perla",
      "product_url": "https://wolt.com/cs/cze/prague/venue/albert-vinohradska/perla-colombia-zrnkova-kava-itemid-64ca0b7cba162577de489ac4",
      "image_url": "https://imageproxy.wolt.com/menu/menu-images/63ad795db242366d1f818f36/64ef9dae-4e4d-11ef-98c6-060b841429eb_27257326.jpg",
      "categories": [
        "NÁPOJE",
        "KÁVA A ČAJ"
      ],
      "prices": [
        {
          "store_name": "Albert",
          "price": 279.0,
          "original_price": null,
          "unit_price": 558.0,
          "unit": "Kg",
          "package_size": "500 g",
          "condition": null
        }
      ],
      "description": null
    },
    {
      "name": "Pez hroznový cukr pomeranč",
      "brand": "Pez",
      "product_url": "https://wolt.com/cs/cze/prague/venue/albert-vinohradska/pez-hroznovy-cukr-pomeranc-itemid-64ca0b7cba162577de4894c7",
      "image_url": "https://imageproxy.wolt.com/menu/menu-images/64ffec4406cca0140dfab831/6af8dfe4-8eb3-11ee-8aa7-96ff514b0205_25035889.jpg",
      "categories": [
        "TRVANLIVÉ",
        "SLADKOSTI"
      ],
      "prices": [
        {
          "store_name": "Albert",
          "price": 13.9,
          "original_price": null,
          "unit_price": 356.41,
          "unit": "Kg",
          "package_size": "39 g",
          "condition": null
        }
      ],
      "description": null
    },
    {
      "name": "Silan Aviváž aromatherapy dreamy lotus",
      "brand": "Silan",
      "product_url": "https://wolt.com/cs/cze/prague/venue/albert-vinohradska/silan-avivaz-aromatherapy-dreamy-lotus-itemid-657233256818b938df9488bb",
      "image_url": "https://imageproxy.wolt.com/menu/menu-images/6745ec28c3b7723db3588430/25ffec9c-da6b-11f0-9327-2ee746ad4dec_27812747.jpg",
      "categories": [
        "DROGERIE A KOSMETIKA",
        "PRACÍ PROSTŘEDKY"
      ],
      "prices": [
        {
          "store_name": "Albert",
          "price": 99.9,
          "original_price": null,
          "unit_price": 2.0,
          "unit": "ks",
          "package_size": "‪50‬ kusů",
          "condition": null
        }
      ],
      "description": null
    },
    {
      "name": "Dobrá voda Minerální voda neperlivá bílý hrozen",
      "brand": "Dobrá",
      "product_url": "https://wolt.com/cs/cze/prague/venue/albert-vinohradska/dobra-voda-mineralni-voda-neperliva-bily-hrozen-itemid-64ca0b7cba162577de4880a5",
      "image_url": "https://imageproxy.wolt.com/menu/menu-images/64ffec4406cca0140dfab831/4518f9f8-8eb3-11ee-863b-22a8008f3216_24991155.jpg",
      "categories": [
        "NÁPOJE",
        "VODY A MINERÁLKY"
      ],
      "prices": [
        {
          "store_name": "Albert",
          "price": 20.9,
          "original_price": null,
          "unit_price": 13.93,
          "unit": "l",
          "package_size": "1,5 l",
          "condition": null
        }
      ],
      "description": null
    },
    {
      "name": "Opavia BeBe Dobré Ráno s jogurtem a jahodami",
      "brand": "Opavia",
      "product_url": "https://wolt.com/cs/cze/prague/venue/albert-vinohradska/opavia-bebe-dobre-rano-s-jogurtem-a-jahodami-itemid-64ca0b7cba162577de48952d",
      "image_url": "https://imageproxy.wolt.com/menu/menu-images/63ad795db242366d1f818f36/d2789270-f8ef-11ef-965c-5a953349bb6d_25580419.jpg",
      "categories": [
        "TRVANLIVÉ",
        "SLADKOSTI"
      ],
      "prices": [
        {
          "store_name": "Albert",
          "price": 16.9,
          "original_price": null,
          "unit_price": 338.0,
          "unit": "Kg",
          "package_size": "50 g",
          "condition": null
        }
      ],
      "description": null
    },
    {
      "name": "Spokar Dentální párátka s nití",
      "brand": "Spokar",
      "product_url": "https://wolt.com/cs/cze/prague/venue/albert-vinohradska/spokar-dentalni-paratka-s-niti-itemid-64ca0b7cba162577de48999f",
      "image_url": "https://imageproxy.wolt.com/menu/menu-images/64ffec4406cca0140dfab831/df16d914-8eb1-11ee-be3e-3ed0b25e551d_24593762.jpg",
      "categories": [
        "DROGERIE A KOSMETIKA",
        "ÚSTNÍ HYGIENA"
      ],
      "prices": [
        {
          "store_name": "Albert",
          "price": 49.9,
          "original_price": null,
          "unit_price": 1.0,
          "unit": "ks",
          "package_size": "‪50‬ kusů",
          "condition": null
        }
      ],
      "description": null
    },
    {
      "name": "Zlomek a Vávra Rulandské šedé",
      "brand": "Zlomek",
      "product_url": "https://wolt.com/cs/cze/prague/venue/albert-vinohradska/zlomek-a-vavra-rulandske-sede-itemid-64ca0b7cba162577de48a221",
      "image_url": "https://imageproxy.wolt.com/menu/menu-images/64ffec4406cca0140dfab831/6597dce6-8ebb-11ee-91ef-9e446d541704_26770611.jpg",
      "categories": [
        "NÁPOJE",
        "VÍNA"
      ],
      "prices": [
        {
          "store_name": "Albert",
          "price": 214.0,
          "original_price": null,
          "unit_price": 285.33,
          "unit": "l",
          "package_size": "750 ml, 11,5% alc",
          "condition": "18+"
        }
      ],
      "description": null
    },
    {
      "name": "Vitana Do hrnečku Hrášková s houstičkami",
      "brand": "Vitana",
      "product_url": "https://wolt.com/cs/cze/prague/venue/albert-vinohradska/vitana-do-hrnecku-hraskova-s-houstickami-itemid-64ca0b7cba162577de4890ce",
      "image_url": "https://imageproxy.wolt.com/menu/menu-images/64ffec4406cca0140dfab831/584b21b8-8eb3-11ee-9def-7a99d2fb2f9f_25017656.jpg",
      "categories": [
        "TRVANLIVÉ",
        "INSTANTNÍ POKRMY"
      ],
      "prices": [
        {
          "store_name": "Albert",
          "price": 14.9,
          "original_price": null,
          "unit_price": 551.85,
          "unit": "Kg",
          "package_size": "27 g",
          "condition": null
        }
      ],
      "description": null
    },
    {
      "name": "Viňa Tarapacá Gran Reserva Carmrnére",
      "brand": "Viňa",
      "product_url": "https://wolt.com/cs/cze/prague/venue/albert-vinohradska/vina-tarapaca-gran-reserva-carmrnere-itemid-657233256818b938df9487b0",
      "image_url": "https://imageproxy.wolt.com/menu/menu-images/64ffec4406cca0140dfab831/d4a55db6-8eb6-11ee-9090-1ec840397d06_25847529.jpg",
      "categories": [
        "NÁPOJE",
        "VÍNA"
      ],
      "prices": [
        {
          "store_name": "Albert",
          "price": 369.0,
          "original_price": null,
          "unit_price": 492.0,
          "unit": "l",
          "package_size": "750 ml, 14% alc",
          "condition": "18+"
        }
      ],
      "description": null
    },
    {
      "name": "Emma Kokosové kostky v mléčné čokoládě",
      "brand": "Emma",
      "product_url": "https://wolt.com/cs/cze/prague/venue/albert-vinohradska/emma-kokosove-kostky-v-mlecne-cokolade-itemid-64ca0b7cba162577de488edd",
      "image_url": "https://imageproxy.wolt.com/menu/menu-images/63ad795db242366d1f818f36/a47a92e0-5efa-11ef-9cfb-0ef10bd7599d_26886893.jpg",
      "categories": [
        "OVOCE A ZELENINA",
        "SUCHÉ PLODY"
      ],
      "prices": [
        {
          "store_name": "Albert",
          "price": 59.9,
          "original_price": null,
          "unit_price": 399.33,
          "unit": "Kg",
          "package_size": "150 g",
          "condition": null
        }
      ],
      "description": null
    },
    {
      "name": "Albert Salát Baby mix",
      "brand": "Albert",
      "product_url": "https://wolt.com/cs/cze/prague/venue/albert-vinohradska/albert-salat-baby-mix-itemid-64ca0b7cba162577de488863",
      "image_url": "https://imageproxy.wolt.com/menu/menu-images/64ffec4406cca0140dfab831/74126ac0-8ebb-11ee-88ff-325d7328b531_26775463.jpg",
      "categories": [
        "OVOCE A ZELENINA",
        "ZELENINA"
      ],
      "prices": [
        {
          "store_name": "Albert",
          "price": 34.9,
          "original_price": null,
          "unit_price": 349.0,
          "unit": "Kg",
          "package_size": "100 g",
          "condition": null
        }
      ],
      "description": null
    },
    {
      "name": "Zott Cremore Duo dezert vanilkový se šlehačkou",
      "brand": "Zott",
      "product_url": "https://wolt.com/cs/cze/prague/venue/albert-vinohradska/zott-cremore-duo-dezert-vanilkovy-se-slehackou-itemid-64ca0b7cba162577de489a38",
      "image_url": "https://imageproxy.wolt.com/menu/menu-images/64ffec4406cca0140dfab831/db5e367e-8ebf-11ee-855b-3a3bddbb56de_27136683.jpg",
      "categories": [
        "MLÉČNÉ A CHLAZENÉ",
        "JOGURTY A DEZERTY"
      ],
      "prices": [
        {
          "store_name": "Albert",
          "price": 27.9,
          "original_price": null,
          "unit_price": 146.84,
          "unit": "Kg",
          "package_size": "190 g",
          "condition": null
        }
      ],
      "description": null
    },
    {
      "name": "Hellmann's Tatarská omáčka",
      "brand": "Hellmann's",
      "product_url": "https://wolt.com/cs/cze/prague/venue/albert-vinohradska/hellmann-s-tatarska-omacka-itemid-64ca0b7cba162577de4896a2",
      "image_url": "https://imageproxy.wolt.com/menu/menu-images/64ffec4406cca0140dfab831/a0e9bf66-8ead-11ee-bc2f-6294619ebc29_20973223.jpg",
      "categories": [
        "MLÉČNÉ A CHLAZENÉ",
        "MAJONÉZY A TATARKY"
      ],
      "prices": [
        {
          "store_name": "Albert",
          "price": 19.9,
          "original_price": null,
          "unit_price": 199.0,
          "unit": "l",
          "package_size": "100 ml",
          "condition": null
        }
      ],
      "description": null
    },
    {
      "name": "Alpro Sójový nápoj s vanilkovou příchutí",
      "brand": "Alpro",
      "product_url": "https://wolt.com/cs/cze/prague/venue/albert-vinohradska/alpro-sojovy-napoj-s-vanilkovou-prichuti-itemid-64ca0b7cba162577de4888cb",
      "image_url": "https://imageproxy.wolt.com/menu/menu-images/63ad795db242366d1f818f36/8abf836e-bbe4-11ef-861c-1a716a7cd6f8_24534130.jpg",
      "categories": [
        "MLÉČNÉ A CHLAZENÉ",
        "ROSTLINNÉ PRODUKTY"
      ],
      "prices": [
        {
          "store_name": "Albert",
          "price": 86.9,
          "original_price": null,
          "unit_price": 86.9,
          "unit": "l",
          "package_size": "1 l",
          "condition": null
        }
      ],
      "description": null
    },
    {
      "name": "Česká chuť Knedlík bramborový",
      "brand": "Česká chuť",
      "product_url": "https://wolt.com/cs/cze/prague/venue/albert-vinohradska/ceska-chut-knedlik-bramborovy-itemid-64ca0b7cba162577de4888e7",
      "image_url": "https://imageproxy.wolt.com/menu/menu-images/64ffec4406cca0140dfab831/89db222e-8eb2-11ee-a201-166df9adf1b7_24798440.jpg",
      "categories": [
        "UZENINY A LAHŮDKY",
        "HOTOVKY A PŘÍLOHY"
      ],
      "prices": [
        {
          "store_name": "Albert",
          "price": 44.9,
          "original_price": null,
          "unit_price": 89.8,
          "unit": "Kg",
          "package_size": "500 g",
          "condition": null
        }
      ],
      "description": null
    },
    {
      "name": "Nature's Promise Bio Baby špenát",
      "brand": "Nature's Promise",
      "product_url": "https://wolt.com/cs/cze/prague/venue/albert-vinohradska/nature-s-promise-bio-baby-spenat-itemid-64ca0b7cba162577de488d3d",
      "image_url": "https://imageproxy.wolt.com/menu/menu-images/64ffec4406cca0140dfab831/bfdbfeb4-8ebe-11ee-b949-62c80973176d_27052006.jpg",
      "categories": [
        "OVOCE A ZELENINA",
        "ZELENINA"
      ],
      "prices": [
        {
          "store_name": "Albert",
          "price": 39.9,
          "original_price": null,
          "unit_price": 399.0,
          "unit": "Kg",
          "package_size": "100 g",
          "condition": null
        }
      ],
      "description": null
    },
    {
      "name": "Sůl kamenná jemně mletá s jódem",
      "brand": "Sůl",
      "product_url": "https://wolt.com/cs/cze/prague/venue/albert-vinohradska/sul-kamenna-jemne-mleta-s-jodem-itemid-64ca0b7cba162577de48811d",
      "image_url": "https://imageproxy.wolt.com/menu/menu-images/64ffec4406cca0140dfab831/429cc4ba-8eaf-11ee-badc-faa0c7b9848f_23232099.jpg",
      "categories": [
        "TRVANLIVÉ",
        "KOŘENÍ A OCHUCOVADLA"
      ],
      "prices": [
        {
          "store_name": "Albert",
          "price": 9.9,
          "original_price": null,
          "unit_price": 9.9,
          "unit": "Kg",
          "package_size": "1 kg",
          "condition": null
        }
      ],
      "description": null
    },
    {
      "name": "Müller Mix Choco Balls jogurt vanilkový",
      "brand": "Müller",
      "product_url": "https://wolt.com/cs/cze/prague/venue/albert-vinohradska/muller-mix-choco-balls-jogurt-vanilkovy-itemid-64ca0b7cba162577de48839d",
      "image_url": "https://imageproxy.wolt.com/menu/menu-images/63ad795db242366d1f818f36/5fc32f66-8e26-11f0-a7e7-2227a24ca844_24610667.jpg",
      "categories": [
        "MLÉČNÉ A CHLAZENÉ",
        "JOGURTY A DEZERTY"
      ],
      "prices": [
        {
          "store_name": "Albert",
          "price": 22.9,
          "original_price": null,
          "unit_price": 176.15,
          "unit": "Kg",
          "package_size": "130 g",
          "condition": null
        }
      ],
      "description": null
    },
    {
      "name": "Gillette Venus3 Smooth holicí strojek a hlavice",
      "brand": "Gillette",
      "product_url": "https://wolt.com/cs/cze/prague/venue/albert-vinohradska/gillette-venus3-smooth-holici-strojek-a-hlavice-itemid-64ca0b7cba162577de489c00",
      "image_url": "https://imageproxy.wolt.com/menu/menu-images/63ad795db242366d1f818f36/2e5bf022-0608-11ef-9ee8-621a56ca64fe_22449948.jpg",
      "categories": [
        "DROGERIE A KOSMETIKA",
        "HOLENÍ A DEPILACE"
      ],
      "prices": [
        {
          "store_name": "Albert",
          "price": 199.0,
          "original_price": null,
          "unit_price": 99.5,
          "unit": "ks",
          "package_size": "‪2‬ kusů",
          "condition": null
        }
      ],
      "description": null
    },
    {
      "name": "Meggle Smetana ke šlehání 30% bez laktózy",
      "brand": "Meggle",
      "product_url": "https://wolt.com/cs/cze/prague/venue/albert-vinohradska/meggle-smetana-ke-slehani-30-bez-laktozy-itemid-64ca0b7cba162577de489004",
      "image_url": "https://imageproxy.wolt.com/menu/menu-images/64ffec4406cca0140dfab831/81a60e22-8ec4-11ee-b37f-2242df874e85_27477557.jpg",
      "categories": [
        "MLÉČNÉ A CHLAZENÉ",
        "SMETANY A ŠLEHAČKY"
      ],
      "prices": [
        {
          "store_name": "Albert",
          "price": 49.9,
          "original_price": null,
          "unit_price": 249.5,
          "unit": "l",
          "package_size": "200 ml",
          "condition": null
        }
      ],
      "description": null
    },
    {
      "name": "Efko Stříbřité cibulky",
      "brand": "Efko",
      "product_url": "https://wolt.com/cs/cze/prague/venue/albert-vinohradska/efko-stribrite-cibulky-itemid-64ca0b7cba162577de489d92",
      "image_url": "https://imageproxy.wolt.com/menu/menu-images/64ffec4406cca0140dfab831/c2a74c32-8eac-11ee-86d3-0ad9bf6baf5b_20323905.jpg",
      "categories": [
        "TRVANLIVÉ",
        "KONZERVOVANÉ POTR."
      ],
      "prices": [
        {
          "store_name": "Albert",
          "price": 29.9,
          "original_price": null,
          "unit_price": 142.38,
          "unit": "Kg",
          "package_size": "210 g",
          "condition": null
        }
      ],
      "description": null
    },
    {
      "name": "Relax Sirup pomeranč",
      "brand": "Relax",
      "product_url": "https://wolt.com/cs/cze/prague/venue/albert-vinohradska/relax-sirup-pomeranc-itemid-64ca0b7cba162577de488249",
      "image_url": "https://imageproxy.wolt.com/menu/menu-images/64ffec4406cca0140dfab831/a756b668-8eb4-11ee-b172-b287692f5450_25378344.jpg",
      "categories": [
        "NÁPOJE",
        "SIRUPY A KONCENTRÁTY"
      ],
      "prices": [
        {
          "store_name": "Albert",
          "price": 79.9,
          "original_price": null,
          "unit_price": 114.14,
          "unit": "l",
          "package_size": "700 ml",
          "condition": null
        }
      ],
      "description": null
    },
    {
      "name": "Somat All in 1 Lemon Gel do myčky",
      "brand": "Somat",
      "product_url": "https://wolt.com/cs/cze/prague/venue/albert-vinohradska/somat-all-in-1-lemon-gel-do-mycky-itemid-64ca0b7cba162577de488dd7",
      "image_url": "https://imageproxy.wolt.com/menu/menu-images/6745ec28c3b7723db3588430/5fca78ec-eb01-11f0-95a9-d6e53e09f4f1_27081464.jpg",
      "categories": [
        "DROGERIE A KOSMETIKA",
        "MYTÍ NÁDOBÍ"
      ],
      "prices": [
        {
          "store_name": "Albert",
          "price": 329.0,
          "original_price": null,
          "unit_price": 4.11,
          "unit": "ks",
          "package_size": "‪80‬ kusů",
          "condition": null
        }
      ],
      "description": null
    },
    {
      "name": "Purina One Sterilcat Mini filetky, krůta a fazolky",
      "brand": "Purina",
      "product_url": "https://wolt.com/cs/cze/prague/venue/albert-vinohradska/purina-one-sterilcat-mini-filetky-kruta-a-fazolky-itemid-6601f5a5daed093f14bd5ccf",
      "image_url": "https://imageproxy.wolt.com/menu/menu-images/6601c613e48d1c8d95333085/e74671ec-eae3-11ee-9f23-76ff4dd1b7a3_27293287.jpg",
      "categories": [
        "ZVÍŘATA",
        "KOČKY"
      ],
      "prices": [
        {
          "store_name": "Albert",
          "price": 17.9,
          "original_price": null,
          "unit_price": 210.59,
          "unit": "Kg",
          "package_size": "85 g",
          "condition": null
        }
      ],
      "description": null
    },
    {
      "name": "Pur Fig & Pomegranate prostředek na mytí nádobí",
      "brand": "Pur",
      "product_url": "https://wolt.com/cs/cze/prague/venue/albert-vinohradska/pur-fig-pomegranate-prostredek-na-myti-nadobi-itemid-657233256818b938df9480e1",
      "image_url": "https://imageproxy.wolt.com/menu/menu-images/63ad795db242366d1f818f36/a8f4042a-66af-11ef-a395-063091d1b74b_26440576.jpg",
      "categories": [
        "DROGERIE A KOSMETIKA",
        "MYTÍ NÁDOBÍ"
      ],
      "prices": [
        {
          "store_name": "Albert",
          "price": 69.9,
          "original_price": null,
          "unit_price": 93.2,
          "unit": "l",
          "package_size": "750 ml",
          "condition": null
        }
      ],
      "description": null
    },
    {
      "name": "Activia jogurt bílý sladký",
      "brand": "Activia",
      "product_url": "https://wolt.com/cs/cze/prague/venue/albert-vinohradska/activia-jogurt-bily-sladky-itemid-64ca0b7cba162577de489778",
      "image_url": "https://imageproxy.wolt.com/menu/menu-images/64ffec4406cca0140dfab831/7a1c37d2-8eae-11ee-b26d-1a0ff625fca8_22425003.jpg",
      "categories": [
        "MLÉČNÉ A CHLAZENÉ",
        "JOGURTY A DEZERTY"
      ],
      "prices": [
        {
          "store_name": "Albert",
          "price": 18.9,
          "original_price": null,
          "unit_price": 157.5,
          "unit": "Kg",
          "package_size": "120 g",
          "condition": "Vyprodáno"
        }
      ],
      "description": null
    },
    {
      "name": "Rio Mare Tuňák salát z kuskusu a zeleniny",
      "brand": "Rio Mare",
      "product_url": "https://wolt.com/cs/cze/prague/venue/albert-vinohradska/rio-mare-tunak-salat-z-kuskusu-a-zeleniny-itemid-64ca0b7cba162577de48902d",
      "image_url": "https://imageproxy.wolt.com/menu/menu-images/63ad795db242366d1f818f36/6babbd0e-3213-11ef-86ea-22cf0d3595c3_24927291.jpg",
      "categories": [
        "TRVANLIVÉ",
        "KONZERVOVANÉ POTR."
      ],
      "prices": [
        {
          "store_name": "Albert",
          "price": 99.9,
          "original_price": null,
          "unit_price": 624.38,
          "unit": "Kg",
          "package_size": "160 g",
          "condition": null
        }
      ],
      "description": null
    },
    {
      "name": "Jablka Gala",
      "brand": "Jablka",
      "product_url": "https://wolt.com/cs/cze/prague/venue/albert-vinohradska/jablka-gala-itemid-68b4adb0815c4cdc52350c6f",
      "image_url": "https://imageproxy.wolt.com/menu/menu-images/6666a3a295b96e9eba377ef3/e47a2d64-04c3-11f0-b846-2af80dce6af6_20902209.jpg",
      "categories": [
        "OVOCE A ZELENINA",
        "OVOCE"
      ],
      "prices": [
        {
          "store_name": "Albert",
          "price": 8.78,
          "original_price": null,
          "unit_price": null,
          "unit": null,
          "package_size": "~220 g",
          "condition": null
        }
      ],
      "description": null
    },
    {
      "name": "Albert Zapečené šunkofleky s uzeným masem",
      "brand": "Albert",
      "product_url": "https://wolt.com/cs/cze/prague/venue/albert-vinohradska/albert-zapecene-sunkofleky-s-uzenym-masem-itemid-64ca0b7cba162577de488fb7",
      "image_url": "https://imageproxy.wolt.com/menu/menu-images/63ad795db242366d1f818f36/b2f4106e-19fb-11f0-b25a-1ee0b4d163b9_s_unkofleky.jpg",
      "categories": [
        "UZENINY A LAHŮDKY",
        "HOTOVKY A PŘÍLOHY"
      ],
      "prices": [
        {
          "store_name": "Albert",
          "price": 89.9,
          "original_price": null,
          "unit_price": 230.51,
          "unit": "Kg",
          "package_size": "390 g",
          "condition": null
        }
      ],
      "description": null
    },
    {
      "name": "Teekanne Ovocný čaj Sweet Cherry",
      "brand": "Teekanne",
      "product_url": "https://wolt.com/cs/cze/prague/venue/albert-vinohradska/teekanne-ovocny-caj-sweet-cherry-itemid-64ca0b7cba162577de489a26",
      "image_url": "https://imageproxy.wolt.com/menu/menu-images/64ffec4406cca0140dfab831/bd8e23b0-8eb1-11ee-9af8-76d18bdc0849_24510691.jpg",
      "categories": [
        "NÁPOJE",
        "KÁVA A ČAJ"
      ],
      "prices": [
        {
          "store_name": "Albert",
          "price": 44.9,
          "original_price": null,
          "unit_price": 898.0,
          "unit": "Kg",
          "package_size": "50 g",
          "condition": null
        }
      ],
      "description": null
    },
    {
      "name": "YoPRO Jogurtový nápoj s příchutí jahoda-malina",
      "brand": "YoPRO",
      "product_url": "https://wolt.com/cs/cze/prague/venue/albert-vinohradska/yopro-jogurtovy-napoj-s-prichuti-jahoda-malina-itemid-681b5abffcbd67bf7a8f4ac4",
      "image_url": "https://imageproxy.wolt.com/menu/menu-images/63ad795db242366d1f818f36/838b483a-2b47-11f0-8d14-1e4f01b2dfc5_27912799.jpg",
      "categories": [
        "MLÉČNÉ A CHLAZENÉ",
        "MLÉČNÉ NÁPOJE"
      ],
      "prices": [
        {
          "store_name": "Albert",
          "price": 49.9,
          "original_price": null,
          "unit_price": 166.33,
          "unit": "Kg",
          "package_size": "300 g",
          "condition": null
        }
      ],
      "description": null
    },
    {
      "name": "Linteo Classic Kuchyňské utěrky",
      "brand": "Linteo",
      "product_url": "https://wolt.com/cs/cze/prague/venue/albert-vinohradska/linteo-classic-kuchynske-uterky-itemid-64ca0b7cba162577de4896b7",
      "image_url": "https://imageproxy.wolt.com/menu/menu-images/64ffec4406cca0140dfab831/fef45282-8eb8-11ee-9d8f-faf7ab9749a2_26351285.jpg",
      "categories": [
        "DROGERIE A KOSMETIKA",
        "PAPÍROVÁ HYGIENA"
      ],
      "prices": [
        {
          "store_name": "Albert",
          "price": 89.9,
          "original_price": null,
          "unit_price": 1.5,
          "unit": "ks",
          "package_size": "‪60‬ kusů",
          "condition": null
        }
      ],
      "description": null
    },
    {
      "name": "Cute Baby Pleny Mini velikost 2",
      "brand": "Cute Baby",
      "product_url": "https://wolt.com/cs/cze/prague/venue/albert-vinohradska/cute-baby-pleny-mini-velikost-2-itemid-64ca0b7cba162577de488df1",
      "image_url": "https://imageproxy.wolt.com/menu/menu-images/63ad795db242366d1f818f36/4360b2f0-7fed-11ef-a8f0-966e2b8cea83_26937779.jpg",
      "categories": [
        "DÍTĚ",
        "PLENY A PODLOŽKY"
      ],
      "prices": [
        {
          "store_name": "Albert",
          "price": 109.9,
          "original_price": null,
          "unit_price": 3.23,
          "unit": "ks",
          "package_size": "‪34‬ kusů",
          "condition": null
        }
      ],
      "description": null
    },
    {
      "name": "Nature's Promise Bio Baby Pyré zelenina s hovězím",
      "brand": "Nature's Promise",
      "product_url": "https://wolt.com/cs/cze/prague/venue/albert-vinohradska/nature-s-promise-bio-baby-pyre-zelenina-s-hovezim-itemid-64ca0b7cba162577de488ce9",
      "image_url": "https://imageproxy.wolt.com/menu/menu-images/64ffec4406cca0140dfab831/70533858-8ebe-11ee-983b-a2650c40792b_27029589.jpg",
      "categories": [
        "DÍTĚ",
        "VÝŽIVA"
      ],
      "prices": [
        {
          "store_name": "Albert",
          "price": 24.9,
          "original_price": null,
          "unit_price": 131.05,
          "unit": "Kg",
          "package_size": "190 g",
          "condition": null
        }
      ],
      "description": null
    },
    {
      "name": "Napoleon Canonier 30%",
      "brand": "Napoleon",
      "product_url": "https://wolt.com/cs/cze/prague/venue/albert-vinohradska/napoleon-canonier-30-itemid-64ca0b7cba162577de488c79",
      "image_url": "https://imageproxy.wolt.com/menu/menu-images/64ffec4406cca0140dfab831/1fae4382-8eb6-11ee-bcb4-c64f1deb8de2_25695809.jpg",
      "categories": [
        "NÁPOJE",
        "LIHOVINY"
      ],
      "prices": [
        {
          "store_name": "Albert",
          "price": 219.0,
          "original_price": null,
          "unit_price": 312.86,
          "unit": "l",
          "package_size": "700 ml, 30% alc",
          "condition": "18+"
        }
      ],
      "description": null
    },
    {
      "name": "Jacobs Velvet Crema",
      "brand": "Jacobs",
      "product_url": "https://wolt.com/cs/cze/prague/venue/albert-vinohradska/jacobs-velvet-crema-itemid-64ca0b7cba162577de4885b5",
      "image_url": "https://imageproxy.wolt.com/menu/menu-images/64ffec4406cca0140dfab831/64470f74-8eb1-11ee-b3d1-e6fbf8d3c3b0_24345019.jpg",
      "categories": [
        "NÁPOJE",
        "KÁVA A ČAJ"
      ],
      "prices": [
        {
          "store_name": "Albert",
          "price": 229.0,
          "original_price": null,
          "unit_price": 1145.0,
          "unit": "Kg",
          "package_size": "200 g",
          "condition": null
        }
      ],
      "description": null
    },
    {
      "name": "Grom Gelato Slaný karamel",
      "brand": "Grom",
      "product_url": "https://wolt.com/cs/cze/prague/venue/albert-vinohradska/grom-gelato-slany-karamel-itemid-6876153a0c6218e9f3e5f465",
      "image_url": "https://imageproxy.wolt.com/menu/menu-images/64b62ec5e5ab70cdc92e30f0/1b93f9a8-616f-11f0-9992-e25759a280aa_27594568.jpg",
      "categories": [
        "MRAŽENÉ POTRAVINY",
        "ZMRZLINA A NANUKY"
      ],
      "prices": [
        {
          "store_name": "Albert",
          "price": 179.0,
          "original_price": null,
          "unit_price": 389.13,
          "unit": "l",
          "package_size": "460 ml",
          "condition": "Vyprodáno"
        }
      ],
      "description": null
    },
    {
      "name": "Château Valtice Rulandské šedé",
      "brand": "Château",
      "product_url": "https://wolt.com/cs/cze/prague/venue/albert-vinohradska/chateau-valtice-rulandske-sede-itemid-64ca0b7cba162577de48a171",
      "image_url": "https://imageproxy.wolt.com/menu/menu-images/64ffec4406cca0140dfab831/bc63bbda-8ebb-11ee-b133-cae320ae1b7e_26799056.jpg",
      "categories": [
        "NÁPOJE",
        "VÍNA"
      ],
      "prices": [
        {
          "store_name": "Albert",
          "price": 209.0,
          "original_price": null,
          "unit_price": 278.67,
          "unit": "l",
          "package_size": "750 ml, 13% alc",
          "condition": "18+"
        }
      ],
      "description": null
    },
    {
      "name": "Hubba Bubba Long žvýkačka jahoda, borůvka, meloun",
      "brand": "Hubba",
      "product_url": "https://wolt.com/cs/cze/prague/venue/albert-vinohradska/hubba-bubba-long-zvykacka-jahoda-boruvka-meloun-itemid-6601e0fe4cd0cfc726dcfc6e",
      "image_url": "https://imageproxy.wolt.com/menu/menu-images/6601c613e48d1c8d95333085/73048450-eae2-11ee-9838-aae3aea8b537_24194976.jpg",
      "categories": [
        "TRVANLIVÉ",
        "SLADKOSTI"
      ],
      "prices": [
        {
          "store_name": "Albert",
          "price": 64.9,
          "original_price": null,
          "unit_price": 1158.93,
          "unit": "Kg",
          "package_size": "56 g",
          "condition": null
        }
      ],
      "description": null
    },
    {
      "name": "Nature's Promise Bio Rukola",
      "brand": "Nature's Promise",
      "product_url": "https://wolt.com/cs/cze/prague/venue/albert-vinohradska/nature-s-promise-bio-rukola-itemid-64ca0b7cba162577de489325",
      "image_url": "https://imageproxy.wolt.com/menu/menu-images/64ffec4406cca0140dfab831/8b265150-8ec9-11ee-aae4-3a31305f5e7c_27749814.jpg",
      "categories": [
        "OVOCE A ZELENINA",
        "ZELENINA"
      ],
      "prices": [
        {
          "store_name": "Albert",
          "price": 39.9,
          "original_price": null,
          "unit_price": 399.0,
          "unit": "Kg",
          "package_size": "100 g",
          "condition": null
        }
      ],
      "description": null
    },
    {
      "name": "Rybí trh Sumeček africký, filet",
      "brand": "Rybí",
      "product_url": "https://wolt.com/cs/cze/prague/venue/albert-vinohradska/rybi-trh-sumecek-africky-filet-itemid-657233256818b938df9485c0",
      "image_url": "https://imageproxy.wolt.com/menu/menu-images/64ffec4406cca0140dfab831/7a2aaf22-8ebf-11ee-b508-ea9b0480a229_27118184.jpg",
      "categories": [
        "MASO A RYBY",
        "RYBY"
      ],
      "prices": [
        {
          "store_name": "Albert",
          "price": 111.72,
          "original_price": null,
          "unit_price": null,
          "unit": null,
          "package_size": null,
          "condition": "Vyprodáno"
        }
      ],
      "description": null
    },
    {
      "name": "Carte d'Or Smetanový dezert slaný karamel",
      "brand": "Carte",
      "product_url": "https://wolt.com/cs/cze/prague/venue/albert-vinohradska/carte-d-or-smetanovy-dezert-slany-karamel-itemid-657233256818b938df948b4b",
      "image_url": "https://imageproxy.wolt.com/menu/menu-images/64ffec4406cca0140dfab831/c7955a44-8ec6-11ee-abd7-86f1953ceff6_27623039.jpg",
      "categories": [
        "MLÉČNÉ A CHLAZENÉ",
        "JOGURTY A DEZERTY"
      ],
      "prices": [
        {
          "store_name": "Albert",
          "price": 24.9,
          "original_price": null,
          "unit_price": 177.86,
          "unit": "Kg",
          "package_size": "140 g",
          "condition": null
        }
      ],
      "description": null
    },
    {
      "name": "Albert Termix kapsička s vanilkovou příchutí",
      "brand": "Albert",
      "product_url": "https://wolt.com/cs/cze/prague/venue/albert-vinohradska/albert-termix-kapsicka-s-vanilkovou-prichuti-itemid-64ca0b7cba162577de489132",
      "image_url": "https://imageproxy.wolt.com/menu/menu-images/64ffec4406cca0140dfab831/5ffb477c-8ebc-11ee-a181-96535512cf58_26841519.jpg",
      "categories": [
        "MLÉČNÉ A CHLAZENÉ",
        "JOGURTY A DEZERTY"
      ],
      "prices": [
        {
          "store_name": "Albert",
          "price": 17.9,
          "original_price": null,
          "unit_price": 223.75,
          "unit": "Kg",
          "package_size": "80 g",
          "condition": null
        }
      ],
      "description": null
    },
    {
      "name": "Sunar Příkrm lasagne s hovězím masem",
      "brand": "Sunar",
      "product_url": "https://wolt.com/cs/cze/prague/venue/albert-vinohradska/sunar-prikrm-lasagne-s-hovezim-masem-itemid-64ca0b7cba162577de48975d",
      "image_url": "https://imageproxy.wolt.com/menu/menu-images/63ad795db242366d1f818f36/9c057d9c-be3e-11f0-b76b-beacfda3ae10_26790145.jpg",
      "categories": [
        "DÍTĚ",
        "VÝŽIVA"
      ],
      "prices": [
        {
          "store_name": "Albert",
          "price": 39.9,
          "original_price": null,
          "unit_price": 332.5,
          "unit": "Kg",
          "package_size": "120 g",
          "condition": null
        }
      ],
      "description": null
    },
    {
      "name": "Twix Sušenka s karamelem máčená v mléčné čokoládě",
      "brand": "Twix",
      "product_url": "https://wolt.com/cs/cze/prague/venue/albert-vinohradska/twix-susenka-s-karamelem-macena-v-mlecne-cokolade-itemid-64ca0b7cba162577de48928e",
      "image_url": "https://imageproxy.wolt.com/menu/menu-images/64ffec4406cca0140dfab831/9e38437e-8eac-11ee-9dee-12ad6b72684e_20316112.jpg",
      "categories": [
        "TRVANLIVÉ",
        "SLADKOSTI"
      ],
      "prices": [
        {
          "store_name": "Albert",
          "price": null,
          "original_price": null,
          "unit_price": 378.0,
          "unit": "Kg",
          "package_size": "50 g",
          "condition": "Sleva"
        }
      ],
      "description": null
    },
    {
      "name": "Jihočeská Niva 45%",
      "brand": "Jihočeská Niva",
      "product_url": "https://wolt.com/cs/cze/prague/venue/albert-vinohradska/jihoceska-niva-45-itemid-657233256818b938df948874",
      "image_url": "https://imageproxy.wolt.com/menu/menu-images/64ffec4406cca0140dfab831/5618cb8a-8ecb-11ee-bd5e-02b3b6b882fb_27803127.jpg",
      "categories": [
        "MLÉČNÉ A CHLAZENÉ",
        "SÝRY"
      ],
      "prices": [
        {
          "store_name": "Albert",
          "price": 32.9,
          "original_price": null,
          "unit_price": 329.0,
          "unit": "Kg",
          "package_size": "100 g",
          "condition": null
        }
      ],
      "description": null
    },
    {
      "name": "Essa Čočka červená loupaná půlená",
      "brand": "Essa",
      "product_url": "https://wolt.com/cs/cze/prague/venue/albert-vinohradska/essa-cocka-cervena-loupana-pulena-itemid-64ca0b7cba162577de4890a5",
      "image_url": "https://imageproxy.wolt.com/menu/menu-images/64ffec4406cca0140dfab831/0d680fba-8eb5-11ee-9928-8e50ebf9f3ec_25471885.jpg",
      "categories": [
        "TRVANLIVÉ",
        "RÝŽE A LUŠTENINY"
      ],
      "prices": [
        {
          "store_name": "Albert",
          "price": 35.9,
          "original_price": null,
          "unit_price": 71.8,
          "unit": "Kg",
          "package_size": "500 g",
          "condition": null
        }
      ],
      "description": null
    },
    {
      "name": "Aloe vera",
      "brand": "Aloe",
      "product_url": "https://wolt.com/cs/cze/prague/venue/albert-vinohradska/aloe-vera-itemid-657233256818b938df948857",
      "image_url": "https://imageproxy.wolt.com/menu/menu-images/64ffec4406cca0140dfab831/143d426e-8ebb-11ee-a308-b6077702759d_26734019.jpg",
      "categories": [
        "NÁPOJE",
        "DŽUSY A NEKTARY"
      ],
      "prices": [
        {
          "store_name": "Albert",
          "price": 39.9,
          "original_price": null,
          "unit_price": 79.8,
          "unit": "l",
          "package_size": "500 ml",
          "condition": null
        }
      ],
      "description": null
    },
    {
      "name": "Fresh Bistro Salát hummus s kuřetem a pestem",
      "brand": "Fresh Bistro",
      "product_url": "https://wolt.com/cs/cze/prague/venue/albert-vinohradska/fresh-bistro-salat-hummus-s-kuretem-a-pestem-itemid-64ca0b7cba162577de488c99",
      "image_url": "https://imageproxy.wolt.com/menu/menu-images/64ffec4406cca0140dfab831/e1b76b08-8ebf-11ee-93a8-a28724a7b713_27137154.jpg",
      "categories": [
        "UZENINY A LAHŮDKY",
        "HOTOVKY A PŘÍLOHY"
      ],
      "prices": [
        {
          "store_name": "Albert",
          "price": 59.9,
          "original_price": null,
          "unit_price": 332.78,
          "unit": "Kg",
          "package_size": "180 g",
          "condition": null
        }
      ],
      "description": null
    },
    {
      "name": "Albert Excellent Tapas Plněná coppa s fíky",
      "brand": "Albert Excellent",
      "product_url": "https://wolt.com/cs/cze/prague/venue/albert-vinohradska/albert-excellent-tapas-plnena-coppa-s-fiky-itemid-64ca0b7cba162577de489b2b",
      "image_url": "https://imageproxy.wolt.com/menu/menu-images/63ad795db242366d1f818f36/901bacd8-8e26-11f0-a6f1-1a1ff9340d48_27643471.jpg",
      "categories": [
        "UZENINY A LAHŮDKY",
        "TAPAS"
      ],
      "prices": [
        {
          "store_name": "Albert",
          "price": 79.0,
          "original_price": null,
          "unit_price": 1128.57,
          "unit": "Kg",
          "package_size": "70 g",
          "condition": null
        }
      ],
      "description": null
    },
    {
      "name": "Nature's Promise Tofu natural",
      "brand": "Nature's Promise",
      "product_url": "https://wolt.com/cs/cze/prague/venue/albert-vinohradska/nature-s-promise-tofu-natural-itemid-64ca0b7cba162577de488d39",
      "image_url": "https://imageproxy.wolt.com/menu/menu-images/64ffec4406cca0140dfab831/eb76c248-8ebe-11ee-bed1-76bc1f0dfb09_27079843.jpg",
      "categories": [
        "MLÉČNÉ A CHLAZENÉ",
        "ROSTLINNÉ PRODUKTY"
      ],
      "prices": [
        {
          "store_name": "Albert",
          "price": null,
          "original_price": null,
          "unit_price": null,
          "unit": null,
          "package_size": null,
          "condition": "Sleva, Vyprodáno"
        }
      ],
      "description": null
    },
    {
      "name": "Kubík Ovocná kapsička broskev a jablko",
      "brand": "Kubík",
      "product_url": "https://wolt.com/cs/cze/prague/venue/albert-vinohradska/kubik-ovocna-kapsicka-broskev-a-jablko-itemid-64ca0b7cba162577de489683",
      "image_url": "https://imageproxy.wolt.com/menu/menu-images/64ffec4406cca0140dfab831/d56e4818-8eb9-11ee-aa2f-224a9e8cb6c6_26515274.jpg",
      "categories": [
        "DÍTĚ",
        "VÝŽIVA"
      ],
      "prices": [
        {
          "store_name": "Albert",
          "price": 9.9,
          "original_price": null,
          "unit_price": 99.0,
          "unit": "Kg",
          "package_size": "100 g",
          "condition": null
        }
      ],
      "description": null
    },
    {
      "name": "Albert Jogurt bílý",
      "brand": "Albert",
      "product_url": "https://wolt.com/cs/cze/prague/venue/albert-vinohradska/albert-jogurt-bily-itemid-64ca0b7cba162577de4881e9",
      "image_url": "https://imageproxy.wolt.com/menu/menu-images/64ffec4406cca0140dfab831/892fdd30-8ebf-11ee-9654-8a353f7cfdbf_27123393.jpg",
      "categories": [
        "MLÉČNÉ A CHLAZENÉ",
        "JOGURTY A DEZERTY"
      ],
      "prices": [
        {
          "store_name": "Albert",
          "price": 22.9,
          "original_price": null,
          "unit_price": 45.8,
          "unit": "Kg",
          "package_size": "500 g",
          "condition": "Vyprodáno"
        }
      ],
      "description": null
    },
    {
      "name": "Gliss Oil Nutritive vyživující balzám",
      "brand": "Gliss",
      "product_url": "https://wolt.com/cs/cze/prague/venue/albert-vinohradska/gliss-oil-nutritive-vyzivujici-balzam-itemid-64ca0b7cba162577de489dcf",
      "image_url": "https://imageproxy.wolt.com/menu/menu-images/64ffec4406cca0140dfab831/7924d138-8eb1-11ee-852a-4ac825cfc539_24379991.jpg",
      "categories": [
        "DROGERIE A KOSMETIKA",
        "PÉČE O VLASY"
      ],
      "prices": [
        {
          "store_name": "Albert",
          "price": 99.9,
          "original_price": null,
          "unit_price": 499.5,
          "unit": "l",
          "package_size": "200 ml",
          "condition": null
        }
      ],
      "description": null
    },
    {
      "name": "Nowaco Pirohy s vepřovým masem",
      "brand": "Nowaco",
      "product_url": "https://wolt.com/cs/cze/prague/venue/albert-vinohradska/nowaco-pirohy-s-veprovym-masem-itemid-6876153a0c6218e9f3e5f4b5",
      "image_url": "https://imageproxy.wolt.com/menu/menu-images/64b62ec5e5ab70cdc92e30f0/e11c0676-616e-11f0-9544-0a0252371522_27972403.jpg",
      "categories": [
        "MRAŽENÉ POTRAVINY",
        "MRAŽENÁ PIZZA A HOTOVÁ JÍDLA"
      ],
      "prices": [
        {
          "store_name": "Albert",
          "price": 59.9,
          "original_price": null,
          "unit_price": 153.59,
          "unit": "Kg",
          "package_size": "390 g",
          "condition": null
        }
      ],
      "description": null
    },
    {
      "name": "Hami Rýže s kuřetem a mrkví",
      "brand": "Hami",
      "product_url": "https://wolt.com/cs/cze/prague/venue/albert-vinohradska/hami-ryze-s-kuretem-a-mrkvi-itemid-64ca0b7cba162577de489f67",
      "image_url": "https://imageproxy.wolt.com/menu/menu-images/64ffec4406cca0140dfab831/b10827a2-8ead-11ee-aff3-3a6355b6d69b_21129896.jpg",
      "categories": [
        "DÍTĚ",
        "VÝŽIVA"
      ],
      "prices": [
        {
          "store_name": "Albert",
          "price": null,
          "original_price": null,
          "unit_price": 154.5,
          "unit": "Kg",
          "package_size": "200 g",
          "condition": "Sleva"
        }
      ],
      "description": null
    },
    {
      "name": "Relax Limonáda s příchutí liči",
      "brand": "Relax",
      "product_url": "https://wolt.com/cs/cze/prague/venue/albert-vinohradska/relax-limonada-s-prichuti-lici-itemid-64ca0b7cba162577de4896ca",
      "image_url": "https://imageproxy.wolt.com/menu/menu-images/63ad795db242366d1f818f36/df28357c-7827-11f0-a8c5-ba80eada4c41_27287095.jpg",
      "categories": [
        "NÁPOJE",
        "LIMONÁDY"
      ],
      "prices": [
        {
          "store_name": "Albert",
          "price": 23.9,
          "original_price": null,
          "unit_price": 72.42,
          "unit": "l",
          "package_size": "330 ml",
          "condition": null
        }
      ],
      "description": null
    },
    {
      "name": "Adriana Tradizionale Fusilli těstoviny",
      "brand": "Adriana",
      "product_url": "https://wolt.com/cs/cze/prague/venue/albert-vinohradska/adriana-tradizionale-fusilli-testoviny-itemid-64ca0b7cba162577de489591",
      "image_url": "https://imageproxy.wolt.com/menu/menu-images/64ffec4406cca0140dfab831/e73b6ea8-8ebf-11ee-841a-3a3bddbb56de_27142875.jpg",
      "categories": [
        "TRVANLIVÉ",
        "TĚSTOVINY A KUSKUS"
      ],
      "prices": [
        {
          "store_name": "Albert",
          "price": 52.9,
          "original_price": null,
          "unit_price": 105.8,
          "unit": "Kg",
          "package_size": "500 g",
          "condition": null
        }
      ],
      "description": null
    },
    {
      "name": "Albert Excellent Švýcarský ementál AOP 45%",
      "brand": "Albert Excellent",
      "product_url": "https://wolt.com/cs/cze/prague/venue/albert-vinohradska/albert-excellent-svycarsky-emental-aop-45-itemid-657233256818b938df947d9b",
      "image_url": "https://imageproxy.wolt.com/menu/menu-images/63ad795db242366d1f818f36/5d1349aa-bbe4-11ef-9211-129f4241fd82_26120249.jpg",
      "categories": [
        "MLÉČNÉ A CHLAZENÉ",
        "SÝRY"
      ],
      "prices": [
        {
          "store_name": "Albert",
          "price": 131.78,
          "original_price": null,
          "unit_price": null,
          "unit": null,
          "package_size": null,
          "condition": "Vyprodáno"
        }
      ],
      "description": null
    },
    {
      "name": "Emco Tyčinka s proteinem čokoláda a mandle",
      "brand": "Emco",
      "product_url": "https://wolt.com/cs/cze/prague/venue/albert-vinohradska/emco-tycinka-s-proteinem-cokolada-a-mandle-itemid-64ca0b7cba162577de488b77",
      "image_url": "https://imageproxy.wolt.com/menu/menu-images/63ad795db242366d1f818f36/4d3ea570-7826-11f0-9ddd-4eac2a3f01cc_26895888.jpg",
      "categories": [
        "TRVANLIVÉ",
        "MÜSLI A CEREÁLIE"
      ],
      "prices": [
        {
          "store_name": "Albert",
          "price": 23.9,
          "original_price": null,
          "unit_price": 597.5,
          "unit": "Kg",
          "package_size": "40 g",
          "condition": null
        }
      ],
      "description": null
    },
    {
      "name": "Orion Ledové kaštany v mléčné čokoládě",
      "brand": "Orion",
      "product_url": "https://wolt.com/cs/cze/prague/venue/albert-vinohradska/orion-ledove-kastany-v-mlecne-cokolade-itemid-64ca0b7cba162577de48a2bc",
      "image_url": "https://imageproxy.wolt.com/menu/menu-images/64ffec4406cca0140dfab831/e00d2eb0-8ebe-11ee-995c-a6b73cfda2ad_27074596.jpg",
      "categories": [
        "TRVANLIVÉ",
        "SLADKOSTI"
      ],
      "prices": [
        {
          "store_name": "Albert",
          "price": 26.9,
          "original_price": null,
          "unit_price": 597.78,
          "unit": "Kg",
          "package_size": "45 g",
          "condition": null
        }
      ],
      "description": null
    },
    {
      "name": "Nature's Promise Mýdlo na ruce levandule",
      "brand": "Nature's Promise",
      "product_url": "https://wolt.com/cs/cze/prague/venue/albert-vinohradska/nature-s-promise-mydlo-na-ruce-levandule-itemid-651c85068bcb062eef30e451",
      "image_url": "https://imageproxy.wolt.com/menu/menu-images/64ffec4406cca0140dfab831/1dd393a6-8ec9-11ee-86b7-0aced5f44939_27738412.jpg",
      "categories": [
        "DROGERIE A KOSMETIKA",
        "MÝDLA A GELY"
      ],
      "prices": [
        {
          "store_name": "Albert",
          "price": null,
          "original_price": null,
          "unit_price": 228.96,
          "unit": "l",
          "package_size": "480 ml",
          "condition": "Sleva"
        }
      ],
      "description": null
    },
    {
      "name": "Shelma Granule s hovězím pro sterilizované kočky",
      "brand": "Shelma",
      "product_url": "https://wolt.com/cs/cze/prague/venue/albert-vinohradska/shelma-granule-s-hovezim-pro-sterilizovane-kocky-itemid-64ca0b7cba162577de48a332",
      "image_url": "https://imageproxy.wolt.com/menu/menu-images/64ffec4406cca0140dfab831/3045eea6-8ec1-11ee-b4d0-1601976705be_27222638.jpg",
      "categories": [
        "ZVÍŘATA",
        "KOČKY"
      ],
      "prices": [
        {
          "store_name": "Albert",
          "price": 154.0,
          "original_price": null,
          "unit_price": 205.33,
          "unit": "Kg",
          "package_size": "750 g",
          "condition": null
        }
      ],
      "description": null
    },
    {
      "name": "Efko Paprika řezaná",
      "brand": "Efko",
      "product_url": "https://wolt.com/cs/cze/prague/venue/albert-vinohradska/efko-paprika-rezana-itemid-657233256818b938df9486b9",
      "image_url": "https://imageproxy.wolt.com/menu/menu-images/64ffec4406cca0140dfab831/8d103fe2-8ead-11ee-bd2c-aa21438df9a4_20839536.jpg",
      "categories": [
        "TRVANLIVÉ",
        "KONZERVOVANÉ POTR."
      ],
      "prices": [
        {
          "store_name": "Albert",
          "price": 56.9,
          "original_price": null,
          "unit_price": 334.71,
          "unit": "Kg",
          "package_size": "170 g",
          "condition": null
        }
      ],
      "description": null
    },
    {
      "name": "Palmolive Naturals Sensitive sprchový gel",
      "brand": "Palmolive",
      "product_url": "https://wolt.com/cs/cze/prague/venue/albert-vinohradska/palmolive-naturals-sensitive-sprchovy-gel-itemid-64ca0b7cba162577de48a19f",
      "image_url": "https://imageproxy.wolt.com/menu/menu-images/63ad795db242366d1f818f36/184f781c-168e-11ef-9370-ee2c514be654_27075357.jpg",
      "categories": [
        "DROGERIE A KOSMETIKA",
        "MÝDLA A GELY"
      ],
      "prices": [
        {
          "store_name": "Albert",
          "price": null,
          "original_price": null,
          "unit_price": 139.8,
          "unit": "l",
          "package_size": "500 ml",
          "condition": "Sleva"
        }
      ],
      "description": null
    },
    {
      "name": "Prima Mrož Multipack",
      "brand": "Prima",
      "product_url": "https://wolt.com/cs/cze/prague/venue/albert-vinohradska/prima-mroz-multipack-itemid-6876153a0c6218e9f3e5f418",
      "image_url": "https://imageproxy.wolt.com/menu/menu-images/64b62ec5e5ab70cdc92e30f0/ef3c617e-616e-11f0-afc4-2a715263ce6f_24652032.jpg",
      "categories": [
        "MRAŽENÉ POTRAVINY",
        "ZMRZLINA A NANUKY"
      ],
      "prices": [
        {
          "store_name": "Albert",
          "price": 118.9,
          "original_price": null,
          "unit_price": 440.37,
          "unit": "l",
          "package_size": "270 ml",
          "condition": null
        }
      ],
      "description": null
    },
    {
      "name": "Olma Florian smetanový jogurt jahoda",
      "brand": "Olma",
      "product_url": "https://wolt.com/cs/cze/prague/venue/albert-vinohradska/olma-florian-smetanovy-jogurt-jahoda-itemid-64ca0b7cba162577de48857b",
      "image_url": "https://imageproxy.wolt.com/menu/menu-images/64ffec4406cca0140dfab831/22c2c8b8-8eac-11ee-9535-1a0ff625fca8_20295622.jpg",
      "categories": [
        "MLÉČNÉ A CHLAZENÉ",
        "JOGURTY A DEZERTY"
      ],
      "prices": [
        {
          "store_name": "Albert",
          "price": null,
          "original_price": null,
          "unit_price": 66.0,
          "unit": "Kg",
          "package_size": "150 g",
          "condition": "Sleva"
        }
      ],
      "description": null
    },
    {
      "name": "Hollandia Selský jogurt čokoláda",
      "brand": "Hollandia",
      "product_url": "https://wolt.com/cs/cze/prague/venue/albert-vinohradska/hollandia-selsky-jogurt-cokolada-itemid-64ca0b7cba162577de488463",
      "image_url": "https://imageproxy.wolt.com/menu/menu-images/63ad795db242366d1f818f36/38ed0e9c-1c04-11ef-a4fd-ce5debbcdd35_23498075.jpg",
      "categories": [
        "MLÉČNÉ A CHLAZENÉ",
        "JOGURTY A DEZERTY"
      ],
      "prices": [
        {
          "store_name": "Albert",
          "price": 21.9,
          "original_price": null,
          "unit_price": 109.5,
          "unit": "Kg",
          "package_size": "200 g",
          "condition": null
        }
      ],
      "description": null
    },
    {
      "name": "Hami Brambory s kuřetem, mrkví a jemným špenátem",
      "brand": "Hami",
      "product_url": "https://wolt.com/cs/cze/prague/venue/albert-vinohradska/hami-brambory-s-kuretem-mrkvi-a-jemnym-spenatem-itemid-64ca0b7cba162577de489e71",
      "image_url": "https://imageproxy.wolt.com/menu/menu-images/63ad795db242366d1f818f36/65d5073c-3213-11ef-bb75-06fa690bc24d_23350069.jpg",
      "categories": [
        "DÍTĚ",
        "VÝŽIVA"
      ],
      "prices": [
        {
          "store_name": "Albert",
          "price": 31.9,
          "original_price": null,
          "unit_price": 127.6,
          "unit": "Kg",
          "package_size": "250 g",
          "condition": null
        }
      ],
      "description": null
    },
    {
      "name": "HiPP Babysanft Sprchový gel",
      "brand": "HiPP",
      "product_url": "https://wolt.com/cs/cze/prague/venue/albert-vinohradska/hipp-babysanft-sprchovy-gel-itemid-64ca0b7cba162577de488cab",
      "image_url": "https://imageproxy.wolt.com/menu/menu-images/64ffec4406cca0140dfab831/1dee8a4c-8eb2-11ee-b471-662d260bbeaa_24662574.jpg",
      "categories": [
        "DÍTĚ",
        "DĚTSKÁ KOSMETIKA"
      ],
      "prices": [
        {
          "store_name": "Albert",
          "price": 159.0,
          "original_price": null,
          "unit_price": 397.5,
          "unit": "l",
          "package_size": "400 ml",
          "condition": null
        }
      ],
      "description": null
    },
    {
      "name": "L'OR Espresso Ristretto kapsle",
      "brand": "L'OR",
      "product_url": "https://wolt.com/cs/cze/prague/venue/albert-vinohradska/l-or-espresso-ristretto-kapsle-itemid-64ca0b7cba162577de48940a",
      "image_url": "https://imageproxy.wolt.com/menu/menu-images/63ad795db242366d1f818f36/44d9cabc-bbe4-11ef-aab0-661412d1b5d1_26979823.jpg",
      "categories": [
        "NÁPOJE",
        "KÁVA A ČAJ"
      ],
      "prices": [
        {
          "store_name": "Albert",
          "price": 129.9,
          "original_price": null,
          "unit_price": 12.99,
          "unit": "ks",
          "package_size": "‪10‬ kusů",
          "condition": null
        }
      ],
      "description": null
    },
    {
      "name": "Nescafé Dolce Gusto Lungo kapsle",
      "brand": "Nescafé",
      "product_url": "https://wolt.com/cs/cze/prague/venue/albert-vinohradska/nescafe-dolce-gusto-lungo-kapsle-itemid-64ca0b7cba162577de48890f",
      "image_url": "https://imageproxy.wolt.com/menu/menu-images/64ffec4406cca0140dfab831/ccbea274-8eb1-11ee-9837-5a7762fb688d_24543057.jpg",
      "categories": [
        "NÁPOJE",
        "KÁVA A ČAJ"
      ],
      "prices": [
        {
          "store_name": "Albert",
          "price": 149.9,
          "original_price": null,
          "unit_price": 9.37,
          "unit": "ks",
          "package_size": "‪16‬ kusů",
          "condition": null
        }
      ],
      "description": null
    },
    {
      "name": "Nature's Promise Seitánky",
      "brand": "Nature's Promise",
      "product_url": "https://wolt.com/cs/cze/prague/venue/albert-vinohradska/nature-s-promise-seitanky-itemid-657233256818b938df948ada",
      "image_url": "https://imageproxy.wolt.com/menu/menu-images/64ffec4406cca0140dfab831/ff6db510-8ec6-11ee-9873-8a641e6c096e_27636879.jpg",
      "categories": [
        "UZENINY A LAHŮDKY",
        "HOTOVKY A PŘÍLOHY"
      ],
      "prices": [
        {
          "store_name": "Albert",
          "price": null,
          "original_price": null,
          "unit_price": 199.5,
          "unit": "Kg",
          "package_size": "200 g",
          "condition": "Sleva"
        }
      ],
      "description": null
    },
    {
      "name": "Alpro Sójový dezert jahoda",
      "brand": "Alpro",
      "product_url": "https://wolt.com/cs/cze/prague/venue/albert-vinohradska/alpro-sojovy-dezert-jahoda-itemid-64ca0b7cba162577de48963f",
      "image_url": "https://imageproxy.wolt.com/menu/menu-images/64ffec4406cca0140dfab831/c0804edc-8ebf-11ee-a10d-aef8df37f9e5_27132142.jpg",
      "categories": [
        "MLÉČNÉ A CHLAZENÉ",
        "ROSTLINNÉ PRODUKTY"
      ],
      "prices": [
        {
          "store_name": "Albert",
          "price": 29.9,
          "original_price": null,
          "unit_price": 199.33,
          "unit": "Kg",
          "package_size": "150 g",
          "condition": null
        }
      ],
      "description": null
    },
    {
      "name": "Albert Čerstvá šťáva mix citrusů",
      "brand": "Albert",
      "product_url": "https://wolt.com/cs/cze/prague/venue/albert-vinohradska/albert-cerstva-stava-mix-citrusu-itemid-64ca0b7cba162577de488775",
      "image_url": "https://imageproxy.wolt.com/menu/menu-images/64ffec4406cca0140dfab831/c70998fc-8ec0-11ee-b657-ea9b0480a229_27195130.jpg",
      "categories": [
        "NÁPOJE",
        "DŽUSY A NEKTARY"
      ],
      "prices": [
        {
          "store_name": "Albert",
          "price": 84.9,
          "original_price": null,
          "unit_price": 113.2,
          "unit": "l",
          "package_size": "750 ml",
          "condition": null
        }
      ],
      "description": null
    },
    {
      "name": "Artesie Perlivá voda citrón",
      "brand": "Artesie",
      "product_url": "https://wolt.com/cs/cze/prague/venue/albert-vinohradska/artesie-perliva-voda-citron-itemid-64ca0b7cba162577de4882af",
      "image_url": "https://imageproxy.wolt.com/menu/menu-images/63ad795db242366d1f818f36/3acdc4a2-7826-11f0-a8fd-96c14bcb8f10_26431611.jpg",
      "categories": [
        "NÁPOJE",
        "VODY A MINERÁLKY"
      ],
      "prices": [
        {
          "store_name": "Albert",
          "price": 10.9,
          "original_price": null,
          "unit_price": 7.27,
          "unit": "l",
          "package_size": "1,5 l",
          "condition": null
        }
      ],
      "description": null
    },
    {
      "name": "Lavazza Crema e Gusto mletá káva",
      "brand": "Lavazza",
      "product_url": "https://wolt.com/cs/cze/prague/venue/albert-vinohradska/lavazza-crema-e-gusto-mleta-kava-itemid-64ca0b7cba162577de48904d",
      "image_url": "https://imageproxy.wolt.com/menu/menu-images/64ffec4406cca0140dfab831/f4f8b792-8ead-11ee-a01e-0ac38c9dbe6d_21481598.jpg",
      "categories": [
        "NÁPOJE",
        "KÁVA A ČAJ"
      ],
      "prices": [
        {
          "store_name": "Albert",
          "price": 189.0,
          "original_price": null,
          "unit_price": 756.0,
          "unit": "Kg",
          "package_size": "250 g",
          "condition": null
        }
      ],
      "description": null
    },
    {
      "name": "Gran Moravia Tvrdý sýr dlouhozrající strouhaný",
      "brand": "Gran",
      "product_url": "https://wolt.com/cs/cze/prague/venue/albert-vinohradska/gran-moravia-tvrdy-syr-dlouhozrajici-strouhany-itemid-64ca0b7cba162577de488535",
      "image_url": "https://imageproxy.wolt.com/menu/menu-images/64ffec4406cca0140dfab831/75a73bb6-8eae-11ee-950a-7a8430ea266b_22424433.jpg",
      "categories": [
        "MLÉČNÉ A CHLAZENÉ",
        "SÝRY"
      ],
      "prices": [
        {
          "store_name": "Albert",
          "price": 74.9,
          "original_price": null,
          "unit_price": 749.0,
          "unit": "Kg",
          "package_size": "100 g",
          "condition": null
        }
      ],
      "description": null
    },
    {
      "name": "Rothmans S-LINE 40 Demi Blue",
      "brand": "Rothmans",
      "product_url": "https://wolt.com/cs/cze/prague/venue/albert-vinohradska/rothmans-s-line-40-demi-blue-itemid-64ca0b7cba162577de48874f",
      "image_url": "https://imageproxy.wolt.com/menu/menu-images/64ffec4406cca0140dfab831/b5533f2e-8eb5-11ee-bbbc-5a7762fb688d_25614725.jpg",
      "categories": [
        "DOMÁCNOST A ZAHRADA",
        "CIGARETY"
      ],
      "prices": [
        {
          "store_name": "Albert",
          "price": 290.0,
          "original_price": null,
          "unit_price": 290.0,
          "unit": "ks",
          "package_size": "‪1‬ kus",
          "condition": "18+"
        }
      ],
      "description": null
    },
    {
      "name": "Oshee Vitamínová voda citron a pomeranč",
      "brand": "Oshee",
      "product_url": "https://wolt.com/cs/cze/prague/venue/albert-vinohradska/oshee-vitaminova-voda-citron-a-pomeranc-itemid-64ca0b7cba162577de48a4a2",
      "image_url": "https://imageproxy.wolt.com/menu/menu-images/64ffec4406cca0140dfab831/ea774c84-8ec1-11ee-a8c5-4eeff7c63e9c_27265925.jpg",
      "categories": [
        "NÁPOJE",
        "VODY A MINERÁLKY"
      ],
      "prices": [
        {
          "store_name": "Albert",
          "price": 31.9,
          "original_price": null,
          "unit_price": 57.48,
          "unit": "l",
          "package_size": "555 ml",
          "condition": null
        }
      ],
      "description": null
    },
    {
      "name": "Nature's Promise Kaše třízrnná bez lepku",
      "brand": "Nature's Promise",
      "product_url": "https://wolt.com/cs/cze/prague/venue/albert-vinohradska/nature-s-promise-kase-trizrnna-bez-lepku-itemid-64ca0b7cba162577de4894c9",
      "image_url": "https://imageproxy.wolt.com/menu/menu-images/64ffec4406cca0140dfab831/055a5db6-8ebd-11ee-9204-9ec5d8563a7d_26896946.jpg",
      "categories": [
        "TRVANLIVÉ",
        "MÜSLI A CEREÁLIE"
      ],
      "prices": [
        {
          "store_name": "Albert",
          "price": null,
          "original_price": null,
          "unit_price": 167.69,
          "unit": "Kg",
          "package_size": "65 g",
          "condition": "Sleva"
        }
      ],
      "description": null
    },
    {
      "name": "Sedlčanský Hermelín Originál, duopack",
      "brand": "Sedlčanský",
      "product_url": "https://wolt.com/cs/cze/prague/venue/albert-vinohradska/sedlcansky-hermelin-original-duopack-itemid-657233256818b938df947926",
      "image_url": "https://imageproxy.wolt.com/menu/menu-images/63ad795db242366d1f818f36/5068198a-25b4-11f0-8bd8-de767a9f8d54_24722711.jpg",
      "categories": [
        "MLÉČNÉ A CHLAZENÉ",
        "SÝRY"
      ],
      "prices": [
        {
          "store_name": "Albert",
          "price": 89.9,
          "original_price": null,
          "unit_price": 449.5,
          "unit": "Kg",
          "package_size": "200 g",
          "condition": null
        }
      ],
      "description": null
    },
    {
      "name": "Jupí Sirup malina",
      "brand": "Jupí",
      "product_url": "https://wolt.com/cs/cze/prague/venue/albert-vinohradska/jupi-sirup-malina-itemid-64ca0b7cba162577de4890f3",
      "image_url": "https://imageproxy.wolt.com/menu/menu-images/63ad795db242366d1f818f36/2c09de14-4e4d-11ef-99eb-a2988d633ddb_23248847.jpg",
      "categories": [
        "NÁPOJE",
        "SIRUPY A KONCENTRÁTY"
      ],
      "prices": [
        {
          "store_name": "Albert",
          "price": 54.9,
          "original_price": null,
          "unit_price": 78.43,
          "unit": "l",
          "package_size": "700 ml",
          "condition": null
        }
      ],
      "description": null
    },
    {
      "name": "Capri-Sun Mystic Dragon",
      "brand": "Capri-Sun",
      "product_url": "https://wolt.com/cs/cze/prague/venue/albert-vinohradska/capri-sun-mystic-dragon-itemid-64ca0b7cba162577de48913d",
      "image_url": "https://imageproxy.wolt.com/menu/menu-images/64ffec4406cca0140dfab831/ee1159e2-8eae-11ee-ae9a-f2309c23f2b6_22912374.jpg",
      "categories": [
        "NÁPOJE",
        "DŽUSY A NEKTARY"
      ],
      "prices": [
        {
          "store_name": "Albert",
          "price": 13.9,
          "original_price": null,
          "unit_price": 69.5,
          "unit": "l",
          "package_size": "200 ml",
          "condition": null
        }
      ],
      "description": null
    },
    {
      "name": "Max Sport Protein tyčinka Malibu",
      "brand": "Max",
      "product_url": "https://wolt.com/cs/cze/prague/venue/albert-vinohradska/max-sport-protein-tycinka-malibu-itemid-657233256818b938df9478a7",
      "image_url": "https://imageproxy.wolt.com/menu/menu-images/64ffec4406cca0140dfab831/6da976fe-8ebd-11ee-86c3-362baa77ef89_26945200.jpg",
      "categories": [
        "TRVANLIVÉ",
        "MÜSLI A CEREÁLIE"
      ],
      "prices": [
        {
          "store_name": "Albert",
          "price": null,
          "original_price": null,
          "unit_price": 498.33,
          "unit": "Kg",
          "package_size": "60 g",
          "condition": "Sleva"
        }
      ],
      "description": null
    },
    {
      "name": "Milko Bio Matylda jahodová",
      "brand": "Milko",
      "product_url": "https://wolt.com/cs/cze/prague/venue/albert-vinohradska/milko-bio-matylda-jahodova-itemid-64ca0b7cba162577de48910c",
      "image_url": "https://imageproxy.wolt.com/menu/menu-images/64ffec4406cca0140dfab831/fa215130-8ec5-11ee-ba16-ce752cd7e428_27592823.jpg",
      "categories": [
        "MLÉČNÉ A CHLAZENÉ",
        "JOGURTY A DEZERTY"
      ],
      "prices": [
        {
          "store_name": "Albert",
          "price": 15.9,
          "original_price": null,
          "unit_price": 127.2,
          "unit": "Kg",
          "package_size": "125 g",
          "condition": null
        }
      ],
      "description": null
    },
    {
      "name": "Relax 100% pomeranč",
      "brand": "Relax",
      "product_url": "https://wolt.com/cs/cze/prague/venue/albert-vinohradska/relax-100-pomeranc-itemid-64ca0b7cba162577de489272",
      "image_url": "https://imageproxy.wolt.com/menu/menu-images/64ffec4406cca0140dfab831/d662ceee-8ebc-11ee-8250-3abcd54edd52_26877143.jpg",
      "categories": [
        "NÁPOJE",
        "DŽUSY A NEKTARY"
      ],
      "prices": [
        {
          "store_name": "Albert",
          "price": 59.9,
          "original_price": null,
          "unit_price": 59.9,
          "unit": "l",
          "package_size": "1 l",
          "condition": null
        }
      ],
      "description": null
    },
    {
      "name": "Hovězí květová špička Darfresh",
      "brand": "Hovězí",
      "product_url": "https://wolt.com/cs/cze/prague/venue/albert-vinohradska/hovezi-kvetova-spicka-darfresh-itemid-64ca0b7cba162577de488779",
      "image_url": "https://imageproxy.wolt.com/menu/menu-images/64ffec4406cca0140dfab831/6a60acf8-8ebb-11ee-b9c0-3a1814765055_26771007.jpg",
      "categories": [
        "MASO A RYBY",
        "HOVĚZÍ A TELECÍ"
      ],
      "prices": [
        {
          "store_name": "Albert",
          "price": 167.09,
          "original_price": null,
          "unit_price": null,
          "unit": null,
          "package_size": null,
          "condition": null
        }
      ],
      "description": null
    },
    {
      "name": "Madeta Madeland uzený 45% plátky",
      "brand": "Madeta",
      "product_url": "https://wolt.com/cs/cze/prague/venue/albert-vinohradska/madeta-madeland-uzeny-45-platky-itemid-64ca0b7cba162577de488507",
      "image_url": "https://imageproxy.wolt.com/menu/menu-images/64ffec4406cca0140dfab831/0739654a-8ebe-11ee-92ea-6a11ca682d5f_26982809.jpg",
      "categories": [
        "MLÉČNÉ A CHLAZENÉ",
        "SÝRY"
      ],
      "prices": [
        {
          "store_name": "Albert",
          "price": null,
          "original_price": null,
          "unit_price": 289.0,
          "unit": "Kg",
          "package_size": "100 g",
          "condition": "Sleva"
        }
      ],
      "description": null
    },
    {
      "name": "Sensodyne Repair & Protect zubní pasta",
      "brand": "Sensodyne",
      "product_url": "https://wolt.com/cs/cze/prague/venue/albert-vinohradska/sensodyne-repair-protect-zubni-pasta-itemid-64ca0b7cba162577de489f3f",
      "image_url": "https://imageproxy.wolt.com/menu/menu-images/63ad795db242366d1f818f36/6f15f260-c3f1-11ee-89af-a661510b4d18_25448771.jpg",
      "categories": [
        "DROGERIE A KOSMETIKA",
        "ÚSTNÍ HYGIENA"
      ],
      "prices": [
        {
          "store_name": "Albert",
          "price": 129.9,
          "original_price": null,
          "unit_price": 1732.0,
          "unit": "l",
          "package_size": "75 ml",
          "condition": null
        }
      ],
      "description": null
    },
    {
      "name": "Albert Listové těsto rozválené",
      "brand": "Albert",
      "product_url": "https://wolt.com/cs/cze/prague/venue/albert-vinohradska/albert-listove-testo-rozvalene-itemid-64ca0b7cba162577de4880df",
      "image_url": "https://imageproxy.wolt.com/menu/menu-images/64ffec4406cca0140dfab831/a29ae81a-8eb9-11ee-8ffb-f6f59196df47_26470771.jpg",
      "categories": [
        "UZENINY A LAHŮDKY",
        "HOTOVKY A PŘÍLOHY"
      ],
      "prices": [
        {
          "store_name": "Albert",
          "price": 29.9,
          "original_price": null,
          "unit_price": 108.73,
          "unit": "Kg",
          "package_size": "275 g",
          "condition": null
        }
      ],
      "description": null
    },
    {
      "name": "Nature's Promise Bio Vanilkový cukr",
      "brand": "Nature's Promise",
      "product_url": "https://wolt.com/cs/cze/prague/venue/albert-vinohradska/nature-s-promise-bio-vanilkovy-cukr-itemid-64ca0b7cba162577de48a34f",
      "image_url": "https://imageproxy.wolt.com/menu/menu-images/64ffec4406cca0140dfab831/23fa2c4a-8ec9-11ee-bb2f-eeaca9845bb4_27738665.jpg",
      "categories": [
        "TRVANLIVÉ",
        "PEČENÍ A VAŘENÍ"
      ],
      "prices": [
        {
          "store_name": "Albert",
          "price": 6.9,
          "original_price": null,
          "unit_price": 862.5,
          "unit": "Kg",
          "package_size": "8 g",
          "condition": null
        }
      ],
      "description": null
    },
    {
      "name": "Zwan Vepřové párky hotdogs",
      "brand": "Zwan",
      "product_url": "https://wolt.com/cs/cze/prague/venue/albert-vinohradska/zwan-veprove-parky-hotdogs-itemid-651c8622f0fd71c461ffd8ba",
      "image_url": "https://imageproxy.wolt.com/menu/menu-images/64ffec4406cca0140dfab831/dcc9c7a8-8eb0-11ee-b9d5-2672547c66c2_24097611.jpg",
      "categories": [
        "UZENINY A LAHŮDKY",
        "PÁRKY A KLOBÁSY"
      ],
      "prices": [
        {
          "store_name": "Albert",
          "price": 79.9,
          "original_price": null,
          "unit_price": 443.89,
          "unit": "Kg",
          "package_size": "180 g",
          "condition": null
        }
      ],
      "description": null
    },
    {
      "name": "Olma Olmín Sýr s bílou plísní",
      "brand": "Olma",
      "product_url": "https://wolt.com/cs/cze/prague/venue/albert-vinohradska/olma-olmin-syr-s-bilou-plisni-itemid-64ca0b7cba162577de4894d0",
      "image_url": "https://imageproxy.wolt.com/menu/menu-images/64ffec4406cca0140dfab831/d2323f4c-8eb9-11ee-9fc9-1e037cde04d4_26501635.jpg",
      "categories": [
        "MLÉČNÉ A CHLAZENÉ",
        "SÝRY"
      ],
      "prices": [
        {
          "store_name": "Albert",
          "price": 44.9,
          "original_price": null,
          "unit_price": 449.0,
          "unit": "Kg",
          "package_size": "100 g",
          "condition": null
        }
      ],
      "description": null
    },
    {
      "name": "Olma Olmíci piškotoví (mix příchutí)",
      "brand": "Olma",
      "product_url": "https://wolt.com/cs/cze/prague/venue/albert-vinohradska/olma-olmici-piskotovi-mix-prichuti-itemid-6601fa072a2d57743db57d5e",
      "image_url": "https://imageproxy.wolt.com/menu/menu-images/6601c613e48d1c8d95333085/d478258e-eae2-11ee-8cdd-0a57c3b26f42_25708363.jpg",
      "categories": [
        "MLÉČNÉ A CHLAZENÉ",
        "JOGURTY A DEZERTY"
      ],
      "prices": [
        {
          "store_name": "Albert",
          "price": 20.9,
          "original_price": null,
          "unit_price": 184.96,
          "unit": "Kg",
          "package_size": "113 g",
          "condition": null
        }
      ],
      "description": null
    },
    {
      "name": "Nature's Promise Bio Baby Pyré zahradní ovoce mix",
      "brand": "Nature's Promise",
      "product_url": "https://wolt.com/cs/cze/prague/venue/albert-vinohradska/nature-s-promise-bio-baby-pyre-zahradni-ovoce-mix-itemid-657233256818b938df948725",
      "image_url": "https://imageproxy.wolt.com/menu/menu-images/64ffec4406cca0140dfab831/20dc4ba2-8ebe-11ee-bb12-a2650c40792b_26992686.jpg",
      "categories": [
        "DÍTĚ",
        "VÝŽIVA"
      ],
      "prices": [
        {
          "store_name": "Albert",
          "price": 13.5,
          "original_price": null,
          "unit_price": 150.0,
          "unit": "Kg",
          "package_size": "90 g",
          "condition": null
        }
      ],
      "description": null
    },
    {
      "name": "Coca-Cola",
      "brand": "Coca-Cola",
      "product_url": "https://wolt.com/cs/cze/prague/venue/albert-vinohradska/coca-cola-itemid-64ca0b7cba162577de4891b1",
      "image_url": "https://imageproxy.wolt.com/menu/menu-images/63ad795db242366d1f818f36/589d69ea-8e26-11f0-b5e2-b292bd00024d_20861421.jpg",
      "categories": [
        "NÁPOJE",
        "LIMONÁDY"
      ],
      "prices": [
        {
          "store_name": "Albert",
          "price": 29.9,
          "original_price": null,
          "unit_price": 59.8,
          "unit": "l",
          "package_size": "500 ml",
          "condition": null
        }
      ],
      "description": null
    },
    {
      "name": "Nature's Promise Bio Okurka",
      "brand": "Nature's Promise",
      "product_url": "https://wolt.com/cs/cze/prague/venue/albert-vinohradska/nature-s-promise-bio-okurka-itemid-64ca0b7cba162577de4882fb",
      "image_url": "https://imageproxy.wolt.com/menu/menu-images/64ffec4406cca0140dfab831/aca0a41e-8ebc-11ee-92d2-ea9b0480a229_26858418.jpg",
      "categories": [
        "OVOCE A ZELENINA",
        "ZELENINA"
      ],
      "prices": [
        {
          "store_name": "Albert",
          "price": null,
          "original_price": null,
          "unit_price": 29.9,
          "unit": "ks",
          "package_size": "‪1‬ kus",
          "condition": "Sleva"
        }
      ],
      "description": null
    },
    {
      "name": "Dr. Oetker Vanilkový cukr",
      "brand": "Dr. Oetker",
      "product_url": "https://wolt.com/cs/cze/prague/venue/albert-vinohradska/dr-oetker-vanilkovy-cukr-itemid-64ca0b7cba162577de4895f0",
      "image_url": "https://imageproxy.wolt.com/menu/menu-images/63ad795db242366d1f818f36/fcc40064-a8e9-11f0-9a13-0ebae8346adc_24097604.jpg",
      "categories": [
        "TRVANLIVÉ",
        "PEČENÍ A VAŘENÍ"
      ],
      "prices": [
        {
          "store_name": "Albert",
          "price": 9.9,
          "original_price": null,
          "unit_price": 1237.5,
          "unit": "Kg",
          "package_size": "8 g",
          "condition": null
        }
      ],
      "description": null
    },
    {
      "name": "Albert Mikrohadřík univerzální",
      "brand": "Albert",
      "product_url": "https://wolt.com/cs/cze/prague/venue/albert-vinohradska/albert-mikrohadrik-univerzalni-itemid-6601f4ae0da5ef29fb823faf",
      "image_url": "https://imageproxy.wolt.com/menu/menu-images/6601c613e48d1c8d95333085/08858e24-eae4-11ee-b4eb-9e6b6bb9a299_27355367.jpg",
      "categories": [
        "DROGERIE A KOSMETIKA",
        "ČISTÍCÍ PROSTŘEDKY"
      ],
      "prices": [
        {
          "store_name": "Albert",
          "price": 49.9,
          "original_price": null,
          "unit_price": 12.48,
          "unit": "ks",
          "package_size": "‪4‬ kusů",
          "condition": null
        }
      ],
      "description": null
    },
    {
      "name": "Hami Příkrm makaróny a vepřové maso",
      "brand": "Hami",
      "product_url": "https://wolt.com/cs/cze/prague/venue/albert-vinohradska/hami-prikrm-makarony-a-veprove-maso-itemid-64ca0b7cba162577de48a409",
      "image_url": "https://imageproxy.wolt.com/menu/menu-images/64ffec4406cca0140dfab831/08355536-8ec2-11ee-9ecb-6aec994b6205_27275993.jpg",
      "categories": [
        "DÍTĚ",
        "VÝŽIVA"
      ],
      "prices": [
        {
          "store_name": "Albert",
          "price": 31.9,
          "original_price": null,
          "unit_price": 127.6,
          "unit": "Kg",
          "package_size": "250 g",
          "condition": null
        }
      ],
      "description": null
    },
    {
      "name": "Bohemia Chips Solené",
      "brand": "Bohemia",
      "product_url": "https://wolt.com/cs/cze/prague/venue/albert-vinohradska/bohemia-chips-solene-itemid-6601e024b55c627e34ded284",
      "image_url": "https://imageproxy.wolt.com/menu/menu-images/63ad795db242366d1f818f36/5e1a44d6-0148-11ef-9579-52fc64fab2be_27839898.jpg",
      "categories": [
        "TRVANLIVÉ",
        "SLANÉ"
      ],
      "prices": [
        {
          "store_name": "Albert",
          "price": 29.9,
          "original_price": null,
          "unit_price": 498.33,
          "unit": "Kg",
          "package_size": "60 g",
          "condition": null
        }
      ],
      "description": null
    },
    {
      "name": "Pizza šunka a kukuřice",
      "brand": "Pizza",
      "product_url": "https://wolt.com/cs/cze/prague/venue/albert-vinohradska/pizza-sunka-a-kukurice-itemid-651c85d6f4313cc03e90b9f8",
      "image_url": "https://imageproxy.wolt.com/menu/menu-images/64ffec4406cca0140dfab831/3520ff60-8ecb-11ee-99dc-fec3df9b26c1_27797716.jpg",
      "categories": [
        "PEKÁRNA A CUKRÁRNA",
        "SLANÉ PEČIVO VOLNÉ"
      ],
      "prices": [
        {
          "store_name": "Albert",
          "price": 15.5,
          "original_price": null,
          "unit_price": 206.67,
          "unit": "Kg",
          "package_size": "75 g",
          "condition": null
        }
      ],
      "description": null
    },
    {
      "name": "Merci Finest Selection Pralinky hořké",
      "brand": "Merci",
      "product_url": "https://wolt.com/cs/cze/prague/venue/albert-vinohradska/merci-finest-selection-pralinky-horke-itemid-6601fa482496defd3e00a5c7",
      "image_url": "https://imageproxy.wolt.com/menu/menu-images/6601c613e48d1c8d95333085/529a32d2-eae2-11ee-91da-fe58ce42b7d5_23231214.jpg",
      "categories": [
        "TRVANLIVÉ",
        "SLADKOSTI"
      ],
      "prices": [
        {
          "store_name": "Albert",
          "price": 159.0,
          "original_price": null,
          "unit_price": 636.0,
          "unit": "Kg",
          "package_size": "250 g",
          "condition": "Vyprodáno"
        }
      ],
      "description": null
    },
    {
      "name": "Mentos Rainbow dražé s ovocnými příchutěmi",
      "brand": "Mentos",
      "product_url": "https://wolt.com/cs/cze/prague/venue/albert-vinohradska/mentos-rainbow-draze-s-ovocnymi-prichutemi-itemid-64ca0b7cba162577de489cfd",
      "image_url": "https://imageproxy.wolt.com/menu/menu-images/64ffec4406cca0140dfab831/93a0176e-8eb3-11ee-9508-22a8008f3216_25078015.jpg",
      "categories": [
        "TRVANLIVÉ",
        "SLADKOSTI"
      ],
      "prices": [
        {
          "store_name": "Albert",
          "price": 11.9,
          "original_price": null,
          "unit_price": 321.62,
          "unit": "Kg",
          "package_size": "37 g",
          "condition": null
        }
      ],
      "description": null
    },
    {
      "name": "Perla s vitamíny vitamíny",
      "brand": "Perla",
      "product_url": "https://wolt.com/cs/cze/prague/venue/albert-vinohradska/perla-s-vitaminy-vitaminy-itemid-64ca0b7cba162577de4896af",
      "image_url": "https://imageproxy.wolt.com/menu/menu-images/64ffec4406cca0140dfab831/b5d7f428-8ec7-11ee-8cf7-2254ad732fe4_27673645.jpg",
      "categories": [
        "MLÉČNÉ A CHLAZENÉ",
        "MÁSLO A TUKY"
      ],
      "prices": [
        {
          "store_name": "Albert",
          "price": 54.9,
          "original_price": null,
          "unit_price": 122.0,
          "unit": "Kg",
          "package_size": "450 g",
          "condition": null
        }
      ],
      "description": null
    },
    {
      "name": "Dr. Oetker Dort-želé červené",
      "brand": "Dr. Oetker",
      "product_url": "https://wolt.com/cs/cze/prague/venue/albert-vinohradska/dr-oetker-dort-zele-cervene-itemid-64ca0b7cba162577de489498",
      "image_url": "https://imageproxy.wolt.com/menu/menu-images/63ad795db242366d1f818f36/ee9b998e-a8e9-11f0-bc77-fec553ab9354_20722395.jpg",
      "categories": [
        "TRVANLIVÉ",
        "PEČENÍ A VAŘENÍ"
      ],
      "prices": [
        {
          "store_name": "Albert",
          "price": 13.9,
          "original_price": null,
          "unit_price": 1390.0,
          "unit": "Kg",
          "package_size": "10 g",
          "condition": null
        }
      ],
      "description": null
    },
    {
      "name": "Albert Comperio Sádlo",
      "brand": "Albert",
      "product_url": "https://wolt.com/cs/cze/prague/venue/albert-vinohradska/albert-comperio-sadlo-itemid-64ca0b7cba162577de4880f9",
      "image_url": "https://imageproxy.wolt.com/menu/menu-images/64ffec4406cca0140dfab831/c68ead3e-8eb8-11ee-8110-b6077702759d_26258799.jpg",
      "categories": [
        "MASO A RYBY",
        "VEPŘOVÉ"
      ],
      "prices": [
        {
          "store_name": "Albert",
          "price": 23.9,
          "original_price": null,
          "unit_price": 95.6,
          "unit": "Kg",
          "package_size": "250 g",
          "condition": null
        }
      ],
      "description": null
    },
    {
      "name": "Michel Schneider Chardonnay nealko",
      "brand": "Michel",
      "product_url": "https://wolt.com/cs/cze/prague/venue/albert-vinohradska/michel-schneider-chardonnay-nealko-itemid-657233256818b938df947d0f",
      "image_url": "https://imageproxy.wolt.com/menu/menu-images/64ffec4406cca0140dfab831/eb6c1152-8ec0-11ee-b5c8-f6a0c6fd1153_27201060.jpg",
      "categories": [
        "NÁPOJE",
        "VÍNA"
      ],
      "prices": [
        {
          "store_name": "Albert",
          "price": 199.0,
          "original_price": null,
          "unit_price": 265.33,
          "unit": "l",
          "package_size": "750 ml, 0,5% alc",
          "condition": null
        }
      ],
      "description": null
    },
    {
      "name": "Albert Cukr třtinový porcovaný",
      "brand": "Albert",
      "product_url": "https://wolt.com/cs/cze/prague/venue/albert-vinohradska/albert-cukr-trtinovy-porcovany-itemid-64ca0b7cba162577de48a6b3",
      "image_url": "https://imageproxy.wolt.com/menu/menu-images/64ffec4406cca0140dfab831/3e8515c2-8ec2-11ee-bd75-f29ca2c99672_27289730.jpg",
      "categories": [
        "TRVANLIVÉ",
        "PEČENÍ A VAŘENÍ"
      ],
      "prices": [
        {
          "store_name": "Albert",
          "price": 22.9,
          "original_price": null,
          "unit_price": 190.83,
          "unit": "Kg",
          "package_size": "120 g",
          "condition": null
        }
      ],
      "description": null
    },
    {
      "name": "Extrudo Bio Crispins Křehký plátek pohankový",
      "brand": "Extrudo",
      "product_url": "https://wolt.com/cs/cze/prague/venue/albert-vinohradska/extrudo-bio-crispins-krehky-platek-pohankovy-itemid-64ca0b7cba162577de489800",
      "image_url": "https://imageproxy.wolt.com/menu/menu-images/64ffec4406cca0140dfab831/295b2868-8ebc-11ee-87f4-06cf0d3d89bd_26825731.jpg",
      "categories": [
        "PEKÁRNA A CUKRÁRNA",
        "RACIO A KNÄCKEBROT"
      ],
      "prices": [
        {
          "store_name": "Albert",
          "price": null,
          "original_price": null,
          "unit_price": 249.0,
          "unit": "Kg",
          "package_size": "100 g",
          "condition": "Sleva"
        }
      ],
      "description": null
    },
    {
      "name": "Semtex Energy Original",
      "brand": "Semtex",
      "product_url": "https://wolt.com/cs/cze/prague/venue/albert-vinohradska/semtex-energy-original-itemid-64ca0b7cba162577de489ede",
      "image_url": "https://imageproxy.wolt.com/menu/menu-images/64ffec4406cca0140dfab831/6b938248-8eb2-11ee-84fb-7217cc85b990_24742238.jpg",
      "categories": [
        "NÁPOJE",
        "ENERGY NÁPOJE"
      ],
      "prices": [
        {
          "store_name": "Albert",
          "price": 29.9,
          "original_price": null,
          "unit_price": 59.8,
          "unit": "l",
          "package_size": "500 ml",
          "condition": null
        }
      ],
      "description": null
    },
    {
      "name": "Relax Červený a bílý grep",
      "brand": "Relax",
      "product_url": "https://wolt.com/cs/cze/prague/venue/albert-vinohradska/relax-cerveny-a-bily-grep-itemid-66020df2d8558043bf679c5d",
      "image_url": "https://imageproxy.wolt.com/menu/menu-images/6601c613e48d1c8d95333085/7e545d32-eae5-11ee-984c-063f1831dce3_27846230.jpg",
      "categories": [
        "NÁPOJE",
        "DŽUSY A NEKTARY"
      ],
      "prices": [
        {
          "store_name": "Albert",
          "price": 52.9,
          "original_price": null,
          "unit_price": 52.9,
          "unit": "l",
          "package_size": "1 l",
          "condition": null
        }
      ],
      "description": null
    },
    {
      "name": "Zlatopramen Radler citron, máta",
      "brand": "Zlatopramen",
      "product_url": "https://wolt.com/cs/cze/prague/venue/albert-vinohradska/zlatopramen-radler-citron-mata-itemid-64ca0b7cba162577de48983c",
      "image_url": "https://imageproxy.wolt.com/menu/menu-images/64ffec4406cca0140dfab831/71f51d76-8ebd-11ee-a06b-5e4e081b1cfc_26946450.jpg",
      "categories": [
        "NÁPOJE",
        "PIVA"
      ],
      "prices": [
        {
          "store_name": "Albert",
          "price": 19.9,
          "original_price": null,
          "unit_price": 39.8,
          "unit": "l",
          "package_size": "500 ml",
          "condition": null
        }
      ],
      "description": null
    },
    {
      "name": "Albert Kapsa pro kočky, mix hovězí, ryba, drůbeží",
      "brand": "Albert",
      "product_url": "https://wolt.com/cs/cze/prague/venue/albert-vinohradska/albert-kapsa-pro-kocky-mix-hovezi-ryba-drubezi-itemid-64ca0b7cba162577de48a594",
      "image_url": "https://imageproxy.wolt.com/menu/menu-images/63ad795db242366d1f818f36/e74e67bc-7827-11f0-b7a2-cad3cc276e48_27545966.jpg",
      "categories": [
        "ZVÍŘATA",
        "KOČKY"
      ],
      "prices": [
        {
          "store_name": "Albert",
          "price": 199.0,
          "original_price": null,
          "unit_price": 82.92,
          "unit": "Kg",
          "package_size": "2,4 kg",
          "condition": null
        }
      ],
      "description": null
    },
    {
      "name": "SOFTdent Zubní kartáček Eco Ultra Soft",
      "brand": "SOFTdent",
      "product_url": "https://wolt.com/cs/cze/prague/venue/albert-vinohradska/softdent-zubni-kartacek-eco-ultra-soft-itemid-657233256818b938df9484cf",
      "image_url": "https://imageproxy.wolt.com/menu/menu-images/64ffec4406cca0140dfab831/ee4ce0a0-8ec9-11ee-abae-e22a145dbeeb_27766507.jpg",
      "categories": [
        "DROGERIE A KOSMETIKA",
        "ÚSTNÍ HYGIENA"
      ],
      "prices": [
        {
          "store_name": "Albert",
          "price": 59.9,
          "original_price": null,
          "unit_price": 59.9,
          "unit": "ks",
          "package_size": "‪1‬ kus",
          "condition": null
        }
      ],
      "description": null
    },
    {
      "name": "Davidoff Café Crème Elegant zrnková káva",
      "brand": "Davidoff",
      "product_url": "https://wolt.com/cs/cze/prague/venue/albert-vinohradska/davidoff-cafe-creme-elegant-zrnkova-kava-itemid-64ca0b7cba162577de489edf",
      "image_url": "https://imageproxy.wolt.com/menu/menu-images/64ffec4406cca0140dfab831/af26de2a-8eb1-11ee-85c5-2e13ed999a8b_24488068.jpg",
      "categories": [
        "NÁPOJE",
        "KÁVA A ČAJ"
      ],
      "prices": [
        {
          "store_name": "Albert",
          "price": 499.0,
          "original_price": null,
          "unit_price": 998.0,
          "unit": "Kg",
          "package_size": "500 g",
          "condition": null
        }
      ],
      "description": null
    },
    {
      "name": "Violife Plátky s uzenou příchutí",
      "brand": "Violife",
      "product_url": "https://wolt.com/cs/cze/prague/venue/albert-vinohradska/violife-platky-s-uzenou-prichuti-itemid-64ca0b7cba162577de4897dc",
      "image_url": "https://imageproxy.wolt.com/menu/menu-images/64ffec4406cca0140dfab831/b21b22e2-8ec7-11ee-b2af-f20dec45ea3c_27670996.jpg",
      "categories": [
        "MLÉČNÉ A CHLAZENÉ",
        "ROSTLINNÉ PRODUKTY"
      ],
      "prices": [
        {
          "store_name": "Albert",
          "price": 48.9,
          "original_price": null,
          "unit_price": 489.0,
          "unit": "Kg",
          "package_size": "100 g",
          "condition": null
        }
      ],
      "description": null
    },
    {
      "name": "Zott Monte Snack White",
      "brand": "Zott",
      "product_url": "https://wolt.com/cs/cze/prague/venue/albert-vinohradska/zott-monte-snack-white-itemid-64ca0b7cba162577de488407",
      "image_url": "https://imageproxy.wolt.com/menu/menu-images/64ffec4406cca0140dfab831/64c2a8f8-8ec2-11ee-a02f-0aca939bb6cd_27298602.jpg",
      "categories": [
        "MLÉČNÉ A CHLAZENÉ",
        "JOGURTY A DEZERTY"
      ],
      "prices": [
        {
          "store_name": "Albert",
          "price": 14.9,
          "original_price": null,
          "unit_price": 513.79,
          "unit": "Kg",
          "package_size": "29 g",
          "condition": null
        }
      ],
      "description": null
    },
    {
      "name": "Cool Lemon",
      "brand": "Cool",
      "product_url": "https://wolt.com/cs/cze/prague/venue/albert-vinohradska/cool-lemon-itemid-64ca0b7cba162577de48807b",
      "image_url": "https://imageproxy.wolt.com/menu/menu-images/64ffec4406cca0140dfab831/8a667bea-8ebb-11ee-a1e7-fea1896da317_26778662.jpg",
      "categories": [
        "NÁPOJE",
        "PIVA"
      ],
      "prices": [
        {
          "store_name": "Albert",
          "price": 23.9,
          "original_price": null,
          "unit_price": 47.8,
          "unit": "l",
          "package_size": "500 ml",
          "condition": null
        }
      ],
      "description": null
    },
    {
      "name": "Emma Mandle natural",
      "brand": "Emma",
      "product_url": "https://wolt.com/cs/cze/prague/venue/albert-vinohradska/emma-mandle-natural-itemid-64ca0b7cba162577de488b01",
      "image_url": "https://imageproxy.wolt.com/menu/menu-images/63ad795db242366d1f818f36/9f8dcf18-765b-11ef-a959-92cc29f18857_23714199.jpg",
      "categories": [
        "OVOCE A ZELENINA",
        "SUCHÉ PLODY"
      ],
      "prices": [
        {
          "store_name": "Albert",
          "price": 74.9,
          "original_price": null,
          "unit_price": 374.5,
          "unit": "Kg",
          "package_size": "200 g",
          "condition": null
        }
      ],
      "description": null
    },
    {
      "name": "Albert Polníček",
      "brand": "Albert",
      "product_url": "https://wolt.com/cs/cze/prague/venue/albert-vinohradska/albert-polnicek-itemid-64ca0b7cba162577de4883b7",
      "image_url": "https://imageproxy.wolt.com/menu/menu-images/64ffec4406cca0140dfab831/79f5f42a-8ebb-11ee-90d7-02d10f7fce64_26775500.jpg",
      "categories": [
        "OVOCE A ZELENINA",
        "ZELENINA"
      ],
      "prices": [
        {
          "store_name": "Albert",
          "price": 29.9,
          "original_price": null,
          "unit_price": 299.0,
          "unit": "Kg",
          "package_size": "100 g",
          "condition": null
        }
      ],
      "description": null
    },
    {
      "name": "Fa Men Sport Deodorant sprej",
      "brand": "Fa",
      "product_url": "https://wolt.com/cs/cze/prague/venue/albert-vinohradska/fa-men-sport-deodorant-sprej-itemid-64ca0b7cba162577de489d8e",
      "image_url": "https://imageproxy.wolt.com/menu/menu-images/64ffec4406cca0140dfab831/1e341e8e-8eaf-11ee-a8dc-0ac38c9dbe6d_23143111.jpg",
      "categories": [
        "DROGERIE A KOSMETIKA",
        "DEODORANTY"
      ],
      "prices": [
        {
          "store_name": "Albert",
          "price": 69.9,
          "original_price": null,
          "unit_price": 466.0,
          "unit": "l",
          "package_size": "150 ml",
          "condition": null
        }
      ],
      "description": null
    },
    {
      "name": "Perla Selection Earl Grey Černý čaj",
      "brand": "Perla",
      "product_url": "https://wolt.com/cs/cze/prague/venue/albert-vinohradska/perla-selection-earl-grey-cerny-caj-itemid-651c879395310f476c809887",
      "image_url": "https://imageproxy.wolt.com/menu/menu-images/64ffec4406cca0140dfab831/0ac023e0-8ecb-11ee-9833-8e8960f3805e_27793947.jpg",
      "categories": [
        "NÁPOJE",
        "KÁVA A ČAJ"
      ],
      "prices": [
        {
          "store_name": "Albert",
          "price": 53.5,
          "original_price": null,
          "unit_price": 1337.5,
          "unit": "Kg",
          "package_size": "40 g",
          "condition": null
        }
      ],
      "description": null
    },
    {
      "name": "Albert Fazole barevné",
      "brand": "Albert",
      "product_url": "https://wolt.com/cs/cze/prague/venue/albert-vinohradska/albert-fazole-barevne-itemid-64ca0b7cba162577de488879",
      "image_url": "https://imageproxy.wolt.com/menu/menu-images/64ffec4406cca0140dfab831/2838fd34-8ec1-11ee-91df-aafe14bdbae5_27219447.jpg",
      "categories": [
        "TRVANLIVÉ",
        "RÝŽE A LUŠTENINY"
      ],
      "prices": [
        {
          "store_name": "Albert",
          "price": 34.9,
          "original_price": null,
          "unit_price": 77.56,
          "unit": "Kg",
          "package_size": "450 g",
          "condition": null
        }
      ],
      "description": null
    },
    {
      "name": "Lindt Excellence Čokoláda extra jemná mléčná",
      "brand": "Lindt",
      "product_url": "https://wolt.com/cs/cze/prague/venue/albert-vinohradska/lindt-excellence-cokolada-extra-jemna-mlecna-itemid-64ca0b7cba162577de4899e0",
      "image_url": "https://imageproxy.wolt.com/menu/menu-images/64ffec4406cca0140dfab831/3e8cb15a-8eaf-11ee-91c3-f6745e48ee46_23223530.jpg",
      "categories": [
        "TRVANLIVÉ",
        "SLADKOSTI"
      ],
      "prices": [
        {
          "store_name": "Albert",
          "price": 69.9,
          "original_price": null,
          "unit_price": 699.0,
          "unit": "Kg",
          "package_size": "100 g",
          "condition": null
        }
      ],
      "description": null
    },
    {
      "name": "Herbarium Moravicum Rulandské šedé",
      "brand": "Herbarium",
      "product_url": "https://wolt.com/cs/cze/prague/venue/albert-vinohradska/herbarium-moravicum-rulandske-sede-itemid-657233256818b938df947a85",
      "image_url": "https://imageproxy.wolt.com/menu/menu-images/64ffec4406cca0140dfab831/a53744da-8eb7-11ee-b402-eadf6ce36c9d_26008271.jpg",
      "categories": [
        "NÁPOJE",
        "VÍNA"
      ],
      "prices": [
        {
          "store_name": "Albert",
          "price": 179.0,
          "original_price": null,
          "unit_price": 238.67,
          "unit": "l",
          "package_size": "750 ml, 11,8% alc",
          "condition": "18+"
        }
      ],
      "description": null
    },
    {
      "name": "3Bit Big Nut tyčinka čokoládová s ořechy",
      "brand": "3Bit",
      "product_url": "https://wolt.com/cs/cze/prague/venue/albert-vinohradska/3bit-big-nut-tycinka-cokoladova-s-orechy-itemid-64ca0b7cba162577de489515",
      "image_url": "https://imageproxy.wolt.com/menu/menu-images/64ffec4406cca0140dfab831/668fb734-8eb3-11ee-b2e0-22a8008f3216_25027631.jpg",
      "categories": [
        "TRVANLIVÉ",
        "SLADKOSTI"
      ],
      "prices": [
        {
          "store_name": "Albert",
          "price": null,
          "original_price": null,
          "unit_price": 367.39,
          "unit": "Kg",
          "package_size": "46 g",
          "condition": "Sleva"
        }
      ],
      "description": null
    },
    {
      "name": "Nature's Promise Bio Tvaroh odtučněný",
      "brand": "Nature's Promise",
      "product_url": "https://wolt.com/cs/cze/prague/venue/albert-vinohradska/nature-s-promise-bio-tvaroh-odtucneny-itemid-64ca0b7cba162577de488e9b",
      "image_url": "https://imageproxy.wolt.com/menu/menu-images/64ffec4406cca0140dfab831/a29b2ea6-8eb9-11ee-a1aa-fe2992cf6bd0_26464930.jpg",
      "categories": [
        "MLÉČNÉ A CHLAZENÉ",
        "TVAROHY"
      ],
      "prices": [
        {
          "store_name": "Albert",
          "price": null,
          "original_price": null,
          "unit_price": 79.6,
          "unit": "Kg",
          "package_size": "250 g",
          "condition": "Sleva"
        }
      ],
      "description": null
    },
    {
      "name": "Teekanne Zen Chai Zelený čaj aromatizovaný",
      "brand": "Teekanne",
      "product_url": "https://wolt.com/cs/cze/prague/venue/albert-vinohradska/teekanne-zen-chai-zeleny-caj-aromatizovany-itemid-64ca0b7cba162577de48967c",
      "image_url": "https://imageproxy.wolt.com/menu/menu-images/63ad795db242366d1f818f36/08240688-7826-11f0-92cb-fe340938dce3_24525138.jpg",
      "categories": [
        "NÁPOJE",
        "KÁVA A ČAJ"
      ],
      "prices": [
        {
          "store_name": "Albert",
          "price": 44.9,
          "original_price": null,
          "unit_price": 1282.86,
          "unit": "Kg",
          "package_size": "35 g",
          "condition": null
        }
      ],
      "description": null
    },
    {
      "name": "Madeta Jihočeský Cottage natur",
      "brand": "Madeta",
      "product_url": "https://wolt.com/cs/cze/prague/venue/albert-vinohradska/madeta-jihocesky-cottage-natur-itemid-64ca0b7cba162577de488311",
      "image_url": "https://imageproxy.wolt.com/menu/menu-images/63ad795db242366d1f818f36/e3cdbc98-7825-11f0-a5c5-4ea7ecf79006_22360014.jpg",
      "categories": [
        "MLÉČNÉ A CHLAZENÉ",
        "SÝRY"
      ],
      "prices": [
        {
          "store_name": "Albert",
          "price": 32.9,
          "original_price": null,
          "unit_price": 219.33,
          "unit": "Kg",
          "package_size": "150 g",
          "condition": "Vyprodáno"
        }
      ],
      "description": null
    },
    {
      "name": "Leon Vodka 30%",
      "brand": "Leon",
      "product_url": "https://wolt.com/cs/cze/prague/venue/albert-vinohradska/leon-vodka-30-itemid-64ca0b7cba162577de488b0d",
      "image_url": "https://imageproxy.wolt.com/menu/menu-images/64ffec4406cca0140dfab831/a5376d34-8eb7-11ee-85aa-1e037cde04d4_26008226.jpg",
      "categories": [
        "NÁPOJE",
        "LIHOVINY"
      ],
      "prices": [
        {
          "store_name": "Albert",
          "price": 129.9,
          "original_price": null,
          "unit_price": 259.8,
          "unit": "l",
          "package_size": "500 ml, 30% alc",
          "condition": "18+"
        }
      ],
      "description": null
    },
    {
      "name": "Tatra Classic zahuštěné neslazené mléko",
      "brand": "Tatra",
      "product_url": "https://wolt.com/cs/cze/prague/venue/albert-vinohradska/tatra-classic-zahustene-neslazene-mleko-itemid-64ca0b7cba162577de488a6b",
      "image_url": "https://imageproxy.wolt.com/menu/menu-images/64ffec4406cca0140dfab831/cb480f06-8eb2-11ee-bf6d-16e6bf59122a_24885508.jpg",
      "categories": [
        "MLÉČNÉ A CHLAZENÉ",
        "MLÉČNÉ NÁPOJE"
      ],
      "prices": [
        {
          "store_name": "Albert",
          "price": 32.9,
          "original_price": null,
          "unit_price": 131.6,
          "unit": "Kg",
          "package_size": "250 g",
          "condition": null
        }
      ],
      "description": null
    },
    {
      "name": "Nature's Promise Bio Bujón kuřecí",
      "brand": "Nature's Promise",
      "product_url": "https://wolt.com/cs/cze/prague/venue/albert-vinohradska/nature-s-promise-bio-bujon-kureci-itemid-64ca0b7cba162577de48929e",
      "image_url": "https://imageproxy.wolt.com/menu/menu-images/64ffec4406cca0140dfab831/22a868aa-8ec1-11ee-8a77-fedb83882cb3_27219348.jpg",
      "categories": [
        "TRVANLIVÉ",
        "KOŘENÍ A OCHUCOVADLA"
      ],
      "prices": [
        {
          "store_name": "Albert",
          "price": null,
          "original_price": null,
          "unit_price": 362.12,
          "unit": "Kg",
          "package_size": "66 g",
          "condition": "Sleva"
        }
      ],
      "description": null
    },
    {
      "name": "Nestea Černý čaj broskev zero",
      "brand": "Nestea",
      "product_url": "https://wolt.com/cs/cze/prague/venue/albert-vinohradska/nestea-cerny-caj-broskev-zero-itemid-657233256818b938df947c19",
      "image_url": "https://imageproxy.wolt.com/menu/menu-images/64ffec4406cca0140dfab831/f6d44ffe-8ec6-11ee-824e-22bb34ae47e9_27633250.jpg",
      "categories": [
        "NÁPOJE",
        "LIMONÁDY"
      ],
      "prices": [
        {
          "store_name": "Albert",
          "price": 41.9,
          "original_price": null,
          "unit_price": 27.93,
          "unit": "l",
          "package_size": "1,5 l",
          "condition": null
        }
      ],
      "description": null
    },
    {
      "name": "Albert Salát Párty mix",
      "brand": "Albert",
      "product_url": "https://wolt.com/cs/cze/prague/venue/albert-vinohradska/albert-salat-party-mix-itemid-64ca0b7cba162577de48844f",
      "image_url": "https://imageproxy.wolt.com/menu/menu-images/64ffec4406cca0140dfab831/2d6fa910-8eb7-11ee-a308-b6077702759d_25897128.jpg",
      "categories": [
        "OVOCE A ZELENINA",
        "ZELENINA"
      ],
      "prices": [
        {
          "store_name": "Albert",
          "price": 34.9,
          "original_price": null,
          "unit_price": 193.89,
          "unit": "Kg",
          "package_size": "180 g",
          "condition": null
        }
      ],
      "description": null
    },
    {
      "name": "P&S Black Tabák",
      "brand": "P&S",
      "product_url": "https://wolt.com/cs/cze/prague/venue/albert-vinohradska/p-s-black-tabak-itemid-64ca0b7cba162577de488919",
      "image_url": "https://imageproxy.wolt.com/menu/menu-images/64ffec4406cca0140dfab831/ee9391f8-8eba-11ee-bf09-feea992db910_26699608.jpg",
      "categories": [
        "DOMÁCNOST A ZAHRADA",
        "CIGARETY"
      ],
      "prices": [
        {
          "store_name": "Albert",
          "price": 233.0,
          "original_price": null,
          "unit_price": 7766.67,
          "unit": "Kg",
          "package_size": "30 g",
          "condition": "18+"
        }
      ],
      "description": null
    },
    {
      "name": "Masso Antico Primitivo Appasito",
      "brand": "Masso",
      "product_url": "https://wolt.com/cs/cze/prague/venue/albert-vinohradska/masso-antico-primitivo-appasito-itemid-64ca0b7cba162577de489f7c",
      "image_url": "https://imageproxy.wolt.com/menu/menu-images/64ffec4406cca0140dfab831/b3f00420-8ebd-11ee-8bb8-62c80973176d_26961972.jpg",
      "categories": [
        "NÁPOJE",
        "VÍNA"
      ],
      "prices": [
        {
          "store_name": "Albert",
          "price": 299.0,
          "original_price": null,
          "unit_price": 398.67,
          "unit": "l",
          "package_size": "750 ml, 14% alc",
          "condition": "18+"
        }
      ],
      "description": null
    },
    {
      "name": "Santa Maria Tortilla chipsy solené",
      "brand": "Santa",
      "product_url": "https://wolt.com/cs/cze/prague/venue/albert-vinohradska/santa-maria-tortilla-chipsy-solene-itemid-64ca0b7cba162577de489e36",
      "image_url": "https://imageproxy.wolt.com/menu/menu-images/64ffec4406cca0140dfab831/63ab19b2-8eb0-11ee-a244-1627932f216d_23762398.jpg",
      "categories": [
        "TRVANLIVÉ",
        "MEZINÁRODNÍ KUCHYNĚ"
      ],
      "prices": [
        {
          "store_name": "Albert",
          "price": 63.9,
          "original_price": null,
          "unit_price": 345.41,
          "unit": "Kg",
          "package_size": "185 g",
          "condition": null
        }
      ],
      "description": null
    },
    {
      "name": "Lagris Rýže loupaná",
      "brand": "Lagris",
      "product_url": "https://wolt.com/cs/cze/prague/venue/albert-vinohradska/lagris-ryze-loupana-itemid-657233256818b938df947a50",
      "image_url": "https://imageproxy.wolt.com/menu/menu-images/64ffec4406cca0140dfab831/7229e16a-8ead-11ee-9a31-2a31a2186d9b_20784379.jpg",
      "categories": [
        "TRVANLIVÉ",
        "RÝŽE A LUŠTENINY"
      ],
      "prices": [
        {
          "store_name": "Albert",
          "price": 69.9,
          "original_price": null,
          "unit_price": 69.9,
          "unit": "Kg",
          "package_size": "1 kg",
          "condition": null
        }
      ],
      "description": null
    },
    {
      "name": "Albert Turistky arašídové",
      "brand": "Albert",
      "product_url": "https://wolt.com/cs/cze/prague/venue/albert-vinohradska/albert-turistky-arasidove-itemid-64ca0b7cba162577de488911",
      "image_url": "https://imageproxy.wolt.com/menu/menu-images/64ffec4406cca0140dfab831/3aba4828-8ec1-11ee-a061-aafe14bdbae5_27224991.jpg",
      "categories": [
        "TRVANLIVÉ",
        "SLADKOSTI"
      ],
      "prices": [
        {
          "store_name": "Albert",
          "price": 7.9,
          "original_price": null,
          "unit_price": 175.56,
          "unit": "Kg",
          "package_size": "45 g",
          "condition": null
        }
      ],
      "description": null
    },
    {
      "name": "Rexona Aloe Vera Antiperspirant sprej",
      "brand": "Rexona",
      "product_url": "https://wolt.com/cs/cze/prague/venue/albert-vinohradska/rexona-aloe-vera-antiperspirant-sprej-itemid-64ca0b7cba162577de489e7b",
      "image_url": "https://imageproxy.wolt.com/menu/menu-images/64ffec4406cca0140dfab831/3bd80bd0-8eaf-11ee-b37b-6294619ebc29_23208858.jpg",
      "categories": [
        "DROGERIE A KOSMETIKA",
        "DEODORANTY"
      ],
      "prices": [
        {
          "store_name": "Albert",
          "price": 76.9,
          "original_price": null,
          "unit_price": 512.67,
          "unit": "l",
          "package_size": "150 ml",
          "condition": null
        }
      ],
      "description": null
    },
    {
      "name": "Nature's Promise Piškoty bez lepku",
      "brand": "Nature's Promise",
      "product_url": "https://wolt.com/cs/cze/prague/venue/albert-vinohradska/nature-s-promise-piskoty-bez-lepku-itemid-64ca0b7cba162577de488dcb",
      "image_url": "https://imageproxy.wolt.com/menu/menu-images/64ffec4406cca0140dfab831/4522de8c-8ec2-11ee-a022-3a9a41c1cb36_27291726.jpg",
      "categories": [
        "TRVANLIVÉ",
        "SLADKOSTI"
      ],
      "prices": [
        {
          "store_name": "Albert",
          "price": null,
          "original_price": null,
          "unit_price": 165.83,
          "unit": "Kg",
          "package_size": "120 g",
          "condition": "Sleva"
        }
      ],
      "description": null
    },
    {
      "name": "Kitbis Duo krém",
      "brand": "Kitbis",
      "product_url": "https://wolt.com/cs/cze/prague/venue/albert-vinohradska/kitbis-duo-krem-itemid-681b5abffcbd67bf7a8f4ada",
      "image_url": "https://imageproxy.wolt.com/menu/menu-images/63ad795db242366d1f818f36/5c7b726a-2b47-11f0-840c-2e2a102d9ad7_27802458.jpg",
      "categories": [
        "TRVANLIVÉ",
        "MEDY A SL. POMAZÁNKY"
      ],
      "prices": [
        {
          "store_name": "Albert",
          "price": 79.9,
          "original_price": null,
          "unit_price": 106.53,
          "unit": "Kg",
          "package_size": "750 g",
          "condition": null
        }
      ],
      "description": null
    },
    {
      "name": "Albert Jogurt meruňka",
      "brand": "Albert",
      "product_url": "https://wolt.com/cs/cze/prague/venue/albert-vinohradska/albert-jogurt-merunka-itemid-64ca0b7cba162577de488541",
      "image_url": "https://imageproxy.wolt.com/menu/menu-images/64ffec4406cca0140dfab831/46dd0ea2-8eb6-11ee-8a76-1e9e4c6f0bda_25734416.jpg",
      "categories": [
        "MLÉČNÉ A CHLAZENÉ",
        "JOGURTY A DEZERTY"
      ],
      "prices": [
        {
          "store_name": "Albert",
          "price": 11.9,
          "original_price": null,
          "unit_price": 79.33,
          "unit": "Kg",
          "package_size": "150 g",
          "condition": null
        }
      ],
      "description": null
    },
    {
      "name": "La Bohéma Vodka 37,5%",
      "brand": "La Bohéma",
      "product_url": "https://wolt.com/cs/cze/prague/venue/albert-vinohradska/la-bohema-vodka-37-5-itemid-64ca0b7cba162577de48908d",
      "image_url": "https://imageproxy.wolt.com/menu/menu-images/64ffec4406cca0140dfab831/8f5e65c0-8ec2-11ee-a2dd-22ab4de1c557_27306611.jpg",
      "categories": [
        "NÁPOJE",
        "LIHOVINY"
      ],
      "prices": [
        {
          "store_name": "Albert",
          "price": 279.0,
          "original_price": null,
          "unit_price": 279.0,
          "unit": "l",
          "package_size": "1 l, 37,5% alc",
          "condition": "18+"
        }
      ],
      "description": null
    },
    {
      "name": "Nescafé Dolce Gusto Espresso kapsle",
      "brand": "Nescafé",
      "product_url": "https://wolt.com/cs/cze/prague/venue/albert-vinohradska/nescafe-dolce-gusto-espresso-kapsle-itemid-64ca0b7cba162577de488bc5",
      "image_url": "https://imageproxy.wolt.com/menu/menu-images/64ffec4406cca0140dfab831/c9a9d6bc-8eb1-11ee-adfd-e6fbf8d3c3b0_24543033.jpg",
      "categories": [
        "NÁPOJE",
        "KÁVA A ČAJ"
      ],
      "prices": [
        {
          "store_name": "Albert",
          "price": 149.9,
          "original_price": null,
          "unit_price": 9.37,
          "unit": "ks",
          "package_size": "‪16‬ kusů",
          "condition": null
        }
      ],
      "description": null
    },
    {
      "name": "Snaq Salámky klasik",
      "brand": "Snaq",
      "product_url": "https://wolt.com/cs/cze/prague/venue/albert-vinohradska/snaq-salamky-klasik-itemid-657233256818b938df94787f",
      "image_url": "https://imageproxy.wolt.com/menu/menu-images/64ffec4406cca0140dfab831/85f10790-8ebd-11ee-9217-024004d5d6b2_26950266.jpg",
      "categories": [
        "UZENINY A LAHŮDKY",
        "SALÁMY"
      ],
      "prices": [
        {
          "store_name": "Albert",
          "price": 66.9,
          "original_price": null,
          "unit_price": 1115.0,
          "unit": "Kg",
          "package_size": "60 g",
          "condition": null
        }
      ],
      "description": null
    },
    {
      "name": "Bref De Luxe Magnolia WC blok",
      "brand": "Bref",
      "product_url": "https://wolt.com/cs/cze/prague/venue/albert-vinohradska/bref-de-luxe-magnolia-wc-blok-itemid-64ca0b7cba162577de4890ca",
      "image_url": "https://imageproxy.wolt.com/menu/menu-images/64ffec4406cca0140dfab831/3ca20ae6-8ec0-11ee-b09a-362f93bf1d5e_27165218.jpg",
      "categories": [
        "DROGERIE A KOSMETIKA",
        "ČISTÍCÍ PROSTŘEDKY"
      ],
      "prices": [
        {
          "store_name": "Albert",
          "price": null,
          "original_price": null,
          "unit_price": 466.0,
          "unit": "Kg",
          "package_size": "150 g",
          "condition": "Sleva"
        }
      ],
      "description": null
    },
    {
      "name": "Albert Excellent Jamón Serrano",
      "brand": "Albert Excellent",
      "product_url": "https://wolt.com/cs/cze/prague/venue/albert-vinohradska/albert-excellent-jamon-serrano-itemid-657233256818b938df947c24",
      "image_url": "https://imageproxy.wolt.com/menu/menu-images/63ad795db242366d1f818f36/97575266-be3e-11f0-8ae0-0a3fed17e67c_26626116.jpg",
      "categories": [
        "UZENINY A LAHŮDKY",
        "ŠUNKY A SLANINY"
      ],
      "prices": [
        {
          "store_name": "Albert",
          "price": 89.9,
          "original_price": null,
          "unit_price": 899.0,
          "unit": "Kg",
          "package_size": "100 g",
          "condition": null
        }
      ],
      "description": null
    },
    {
      "name": "Madeta Jihočeský Eidam 30% plátky",
      "brand": "Madeta",
      "product_url": "https://wolt.com/cs/cze/prague/venue/albert-vinohradska/madeta-jihocesky-eidam-30-platky-itemid-64ca0b7cba162577de489481",
      "image_url": "https://imageproxy.wolt.com/menu/menu-images/64ffec4406cca0140dfab831/02eb5fd4-8ebe-11ee-96cd-62f0ef4f63d8_26982755.jpg",
      "categories": [
        "MLÉČNÉ A CHLAZENÉ",
        "SÝRY"
      ],
      "prices": [
        {
          "store_name": "Albert",
          "price": 29.9,
          "original_price": null,
          "unit_price": 299.0,
          "unit": "Kg",
          "package_size": "100 g",
          "condition": null
        }
      ],
      "description": null
    },
    {
      "name": "Opavia BeBe Dobré ráno kakaové méně cukru",
      "brand": "Opavia",
      "product_url": "https://wolt.com/cs/cze/prague/venue/albert-vinohradska/opavia-bebe-dobre-rano-kakaove-mene-cukru-itemid-64ca0b7cba162577de4894ab",
      "image_url": "https://imageproxy.wolt.com/menu/menu-images/63ad795db242366d1f818f36/c08c5b82-f8ef-11ef-b9b4-f2dd4c9cc77b_24627276.jpg",
      "categories": [
        "TRVANLIVÉ",
        "SLADKOSTI"
      ],
      "prices": [
        {
          "store_name": "Albert",
          "price": 69.9,
          "original_price": null,
          "unit_price": 174.75,
          "unit": "Kg",
          "package_size": "400 g",
          "condition": null
        }
      ],
      "description": null
    },
    {
      "name": "Rio Mare Paté Lososový krém",
      "brand": "Rio Mare",
      "product_url": "https://wolt.com/cs/cze/prague/venue/albert-vinohradska/rio-mare-pate-lososovy-krem-itemid-657233256818b938df948517",
      "image_url": "https://imageproxy.wolt.com/menu/menu-images/64ffec4406cca0140dfab831/62e5c6e2-8ead-11ee-9c19-ee002dc5ca71_20744564.jpg",
      "categories": [
        "TRVANLIVÉ",
        "KONZERVOVANÉ POTR."
      ],
      "prices": [
        {
          "store_name": "Albert",
          "price": 99.9,
          "original_price": null,
          "unit_price": 999.0,
          "unit": "Kg",
          "package_size": "100 g",
          "condition": null
        }
      ],
      "description": null
    },
    {
      "name": "Actimel probiotický nápoj jogurtový, jahoda",
      "brand": "Actimel",
      "product_url": "https://wolt.com/cs/cze/prague/venue/albert-vinohradska/actimel-probioticky-napoj-jogurtovy-jahoda-itemid-64ca0b7cba162577de489255",
      "image_url": "https://imageproxy.wolt.com/menu/menu-images/63ad795db242366d1f818f36/3b248bc2-1c04-11ef-b7a1-36c5dbcb7ef8_24005210.jpg",
      "categories": [
        "MLÉČNÉ A CHLAZENÉ",
        "MLÉČNÉ NÁPOJE"
      ],
      "prices": [
        {
          "store_name": "Albert",
          "price": 129.9,
          "original_price": null,
          "unit_price": 162.38,
          "unit": "Kg",
          "package_size": "800 g",
          "condition": null
        }
      ],
      "description": null
    },
    {
      "name": "Francovka Alpa",
      "brand": "Francovka",
      "product_url": "https://wolt.com/cs/cze/prague/venue/albert-vinohradska/francovka-alpa-itemid-64ca0b7cba162577de488e3b",
      "image_url": "https://imageproxy.wolt.com/menu/menu-images/64ffec4406cca0140dfab831/895ec4c8-8eac-11ee-9c74-f62fd0b321c8_20310851.jpg",
      "categories": [
        "DROGERIE A KOSMETIKA",
        "ZDRAVÍ"
      ],
      "prices": [
        {
          "store_name": "Albert",
          "price": 49.9,
          "original_price": null,
          "unit_price": 311.88,
          "unit": "l",
          "package_size": "160 ml",
          "condition": null
        }
      ],
      "description": null
    },
    {
      "name": "Sprite",
      "brand": "Sprite",
      "product_url": "https://wolt.com/cs/cze/prague/venue/albert-vinohradska/sprite-itemid-64ca0b7cba162577de489ca6",
      "image_url": "https://imageproxy.wolt.com/menu/menu-images/63ad795db242366d1f818f36/f1cd2870-25b3-11f0-811c-fa0494c091db_20861544.jpg",
      "categories": [
        "NÁPOJE",
        "LIMONÁDY"
      ],
      "prices": [
        {
          "store_name": "Albert",
          "price": 29.9,
          "original_price": null,
          "unit_price": 59.8,
          "unit": "l",
          "package_size": "500 ml",
          "condition": null
        }
      ],
      "description": null
    },
    {
      "name": "Albert Jogurt selský jahoda",
      "brand": "Albert",
      "product_url": "https://wolt.com/cs/cze/prague/venue/albert-vinohradska/albert-jogurt-selsky-jahoda-itemid-64ca0b7cba162577de48845b",
      "image_url": "https://imageproxy.wolt.com/menu/menu-images/64ffec4406cca0140dfab831/2058112c-8eb7-11ee-b77e-b6077702759d_25890884.jpg",
      "categories": [
        "MLÉČNÉ A CHLAZENÉ",
        "JOGURTY A DEZERTY"
      ],
      "prices": [
        {
          "store_name": "Albert",
          "price": 13.9,
          "original_price": null,
          "unit_price": 77.22,
          "unit": "Kg",
          "package_size": "180 g",
          "condition": null
        }
      ],
      "description": null
    },
    {
      "name": "Pravé hořické trubičky oříškové",
      "brand": "Pravé",
      "product_url": "https://wolt.com/cs/cze/prague/venue/albert-vinohradska/prave-horicke-trubicky-oriskove-itemid-64ca0b7cba162577de48964f",
      "image_url": "https://imageproxy.wolt.com/menu/menu-images/64ffec4406cca0140dfab831/fe09ae78-8eb1-11ee-b3f0-b6ff72c7a500_24631884.jpg",
      "categories": [
        "TRVANLIVÉ",
        "SLADKOSTI"
      ],
      "prices": [
        {
          "store_name": "Albert",
          "price": 19.9,
          "original_price": null,
          "unit_price": 523.68,
          "unit": "Kg",
          "package_size": "38 g",
          "condition": null
        }
      ],
      "description": null
    },
    {
      "name": "Albert 100% Ovocná šťáva jahoda, banán a malina",
      "brand": "Albert",
      "product_url": "https://wolt.com/cs/cze/prague/venue/albert-vinohradska/albert-100-ovocna-stava-jahoda-banan-a-malina-itemid-64ca0b7cba162577de489751",
      "image_url": "https://imageproxy.wolt.com/menu/menu-images/64ffec4406cca0140dfab831/fa4557fc-8ec4-11ee-ac25-eadfee8d92ce_27515433.jpg",
      "categories": [
        "NÁPOJE",
        "DŽUSY A NEKTARY"
      ],
      "prices": [
        {
          "store_name": "Albert",
          "price": null,
          "original_price": null,
          "unit_price": 114.5,
          "unit": "l",
          "package_size": "200 ml",
          "condition": "Sleva"
        }
      ],
      "description": null
    },
    {
      "name": "Královská vepřová pečeně bez kosti plátky",
      "brand": "Královská",
      "product_url": "https://wolt.com/cs/cze/prague/venue/albert-vinohradska/kralovska-veprova-pecene-bez-kosti-platky-itemid-64ca0b7cba162577de488139",
      "image_url": "https://imageproxy.wolt.com/menu/menu-images/64ffec4406cca0140dfab831/97496c78-8ec5-11ee-b4e4-6e71a63f1558_27557211.jpg",
      "categories": [
        "MASO A RYBY",
        "VEPŘOVÉ"
      ],
      "prices": [
        {
          "store_name": "Albert",
          "price": 102.09,
          "original_price": null,
          "unit_price": null,
          "unit": null,
          "package_size": null,
          "condition": null
        }
      ],
      "description": null
    },
    {
      "name": "Albert Excellent Schwarzwaldská šunka",
      "brand": "Albert Excellent",
      "product_url": "https://wolt.com/cs/cze/prague/venue/albert-vinohradska/albert-excellent-schwarzwaldska-sunka-itemid-64ca0b7cba162577de4883d7",
      "image_url": "https://imageproxy.wolt.com/menu/menu-images/64ffec4406cca0140dfab831/2dce927c-8eb2-11ee-a9c0-7217cc85b990_24676885.jpg",
      "categories": [
        "UZENINY A LAHŮDKY",
        "ŠUNKY A SLANINY"
      ],
      "prices": [
        {
          "store_name": "Albert",
          "price": 39.9,
          "original_price": null,
          "unit_price": 498.75,
          "unit": "Kg",
          "package_size": "80 g",
          "condition": null
        }
      ],
      "description": null
    },
    {
      "name": "Emma Mandle v hořké čokoládě",
      "brand": "Emma",
      "product_url": "https://wolt.com/cs/cze/prague/venue/albert-vinohradska/emma-mandle-v-horke-cokolade-itemid-657233256818b938df948a8e",
      "image_url": "https://imageproxy.wolt.com/menu/menu-images/63ad795db242366d1f818f36/7680a518-4e4d-11ef-9486-8eb72b7a6d4b_27609897.jpg",
      "categories": [
        "OVOCE A ZELENINA",
        "SUCHÉ PLODY"
      ],
      "prices": [
        {
          "store_name": "Albert",
          "price": 69.9,
          "original_price": null,
          "unit_price": 466.0,
          "unit": "Kg",
          "package_size": "150 g",
          "condition": null
        }
      ],
      "description": null
    },
    {
      "name": "Gustona Pizza Speciale",
      "brand": "Gustona",
      "product_url": "https://wolt.com/cs/cze/prague/venue/albert-vinohradska/gustona-pizza-speciale-itemid-6876153a0c6218e9f3e5f49f",
      "image_url": "https://imageproxy.wolt.com/menu/menu-images/64b62ec5e5ab70cdc92e30f0/3caabf14-616f-11f0-8662-7ad3a1889474_27862001.jpg",
      "categories": [
        "MRAŽENÉ POTRAVINY",
        "MRAŽENÁ PIZZA A HOTOVÁ JÍDLA"
      ],
      "prices": [
        {
          "store_name": "Albert",
          "price": 59.9,
          "original_price": null,
          "unit_price": 181.52,
          "unit": "Kg",
          "package_size": "330 g",
          "condition": null
        }
      ],
      "description": null
    },
    {
      "name": "Spontex Spirinett Drátěnka nerez",
      "brand": "Spontex",
      "product_url": "https://wolt.com/cs/cze/prague/venue/albert-vinohradska/spontex-spirinett-dratenka-nerez-itemid-64ca0b7cba162577de4896db",
      "image_url": "https://imageproxy.wolt.com/menu/menu-images/64ffec4406cca0140dfab831/220f2b04-8ead-11ee-8ff7-f6745e48ee46_20517151.jpg",
      "categories": [
        "DOMÁCNOST A ZAHRADA",
        "KUCHYŇSKÉ POTŘEBY"
      ],
      "prices": [
        {
          "store_name": "Albert",
          "price": 29.9,
          "original_price": null,
          "unit_price": 14.95,
          "unit": "ks",
          "package_size": "‪2‬ kusů",
          "condition": null
        }
      ],
      "description": null
    },
    {
      "name": "Albert Debrecínské párky Debrecínské párky",
      "brand": "Albert",
      "product_url": "https://wolt.com/cs/cze/prague/venue/albert-vinohradska/albert-debrecinske-parky-debrecinske-parky-itemid-657233256818b938df948a39",
      "image_url": "https://imageproxy.wolt.com/menu/menu-images/64ffec4406cca0140dfab831/953680a0-8ec6-11ee-b7ea-7639dadf697f_27615355.jpg",
      "categories": [
        "UZENINY A LAHŮDKY",
        "PÁRKY A KLOBÁSY"
      ],
      "prices": [
        {
          "store_name": "Albert",
          "price": 67.9,
          "original_price": null,
          "unit_price": 339.5,
          "unit": "Kg",
          "package_size": "200 g",
          "condition": null
        }
      ],
      "description": null
    },
    {
      "name": "Astrid Krém denní a noční mandlový",
      "brand": "Astrid",
      "product_url": "https://wolt.com/cs/cze/prague/venue/albert-vinohradska/astrid-krem-denni-a-nocni-mandlovy-itemid-64ca0b7cba162577de48a2be",
      "image_url": "https://imageproxy.wolt.com/menu/menu-images/64ffec4406cca0140dfab831/216ffaa4-8eba-11ee-a9a6-c64f1deb8de2_26570853.jpg",
      "categories": [
        "DROGERIE A KOSMETIKA",
        "PÉČE O PLEŤ"
      ],
      "prices": [
        {
          "store_name": "Albert",
          "price": 119.9,
          "original_price": null,
          "unit_price": 2398.0,
          "unit": "l",
          "package_size": "50 ml",
          "condition": null
        }
      ],
      "description": null
    },
    {
      "name": "Olma Pierot Smetanový jogurt ananas-kokos",
      "brand": "Olma",
      "product_url": "https://wolt.com/cs/cze/prague/venue/albert-vinohradska/olma-pierot-smetanovy-jogurt-ananas-kokos-itemid-64ca0b7cba162577de4891a8",
      "image_url": "https://imageproxy.wolt.com/menu/menu-images/64ffec4406cca0140dfab831/0c36d9c4-8eaf-11ee-aa79-f2309c23f2b6_23029675.jpg",
      "categories": [
        "MLÉČNÉ A CHLAZENÉ",
        "JOGURTY A DEZERTY"
      ],
      "prices": [
        {
          "store_name": "Albert",
          "price": 24.9,
          "original_price": null,
          "unit_price": 142.29,
          "unit": "Kg",
          "package_size": "175 g",
          "condition": null
        }
      ],
      "description": null
    },
    {
      "name": "Dove Original Antiperspirant sprej",
      "brand": "Dove",
      "product_url": "https://wolt.com/cs/cze/prague/venue/albert-vinohradska/dove-original-antiperspirant-sprej-itemid-657233256818b938df9479fc",
      "image_url": "https://imageproxy.wolt.com/menu/menu-images/63ad795db242366d1f818f36/e52d2e98-7825-11f0-b11c-e2fee6bd55d5_22392336.jpg",
      "categories": [
        "DROGERIE A KOSMETIKA",
        "DEODORANTY"
      ],
      "prices": [
        {
          "store_name": "Albert",
          "price": 89.9,
          "original_price": null,
          "unit_price": 599.33,
          "unit": "l",
          "package_size": "150 ml",
          "condition": null
        }
      ],
      "description": null
    },
    {
      "name": "Dr. Oetker Puding premium čokoládový",
      "brand": "Dr. Oetker",
      "product_url": "https://wolt.com/cs/cze/prague/venue/albert-vinohradska/dr-oetker-puding-premium-cokoladovy-itemid-64ca0b7cba162577de489e14",
      "image_url": "https://imageproxy.wolt.com/menu/menu-images/63ad795db242366d1f818f36/01487e12-a8ea-11f0-adbe-1eea56c4be20_25064537.jpg",
      "categories": [
        "TRVANLIVÉ",
        "PEČENÍ A VAŘENÍ"
      ],
      "prices": [
        {
          "store_name": "Albert",
          "price": 24.9,
          "original_price": null,
          "unit_price": 478.85,
          "unit": "Kg",
          "package_size": "52 g",
          "condition": null
        }
      ],
      "description": null
    },
    {
      "name": "Perla Bio Čaj Rooibos Origins",
      "brand": "Perla",
      "product_url": "https://wolt.com/cs/cze/prague/venue/albert-vinohradska/perla-bio-caj-rooibos-origins-itemid-651c875b97d84e33980c430f",
      "image_url": "https://imageproxy.wolt.com/menu/menu-images/64ffec4406cca0140dfab831/eda894a4-8eca-11ee-aa20-fec3df9b26c1_27791363.jpg",
      "categories": [
        "NÁPOJE",
        "KÁVA A ČAJ"
      ],
      "prices": [
        {
          "store_name": "Albert",
          "price": 67.9,
          "original_price": null,
          "unit_price": 2263.33,
          "unit": "Kg",
          "package_size": "30 g",
          "condition": null
        }
      ],
      "description": null
    },
    {
      "name": "Giana Broskve ve sladkém nálevu",
      "brand": "Giana",
      "product_url": "https://wolt.com/cs/cze/prague/venue/albert-vinohradska/giana-broskve-ve-sladkem-nalevu-itemid-657233256818b938df94846f",
      "image_url": "https://imageproxy.wolt.com/menu/menu-images/64ffec4406cca0140dfab831/d4a48530-8eb6-11ee-a309-0208801a60c2_25849530.jpg",
      "categories": [
        "TRVANLIVÉ",
        "KONZERVOVANÉ POTR."
      ],
      "prices": [
        {
          "store_name": "Albert",
          "price": 82.9,
          "original_price": null,
          "unit_price": 215.32,
          "unit": "Kg",
          "package_size": "385 g",
          "condition": null
        }
      ],
      "description": null
    },
    {
      "name": "Müller Riso Protein rýžový dezert (mix)",
      "brand": "Müller",
      "product_url": "https://wolt.com/cs/cze/prague/venue/albert-vinohradska/muller-riso-protein-ryzovy-dezert-mix-itemid-66022eaf428363e8e375f373",
      "image_url": "https://imageproxy.wolt.com/menu/menu-images/6601c613e48d1c8d95333085/27e12972-eae4-11ee-b7aa-eeff4dfe8a12_27426104.jpg",
      "categories": [
        "MLÉČNÉ A CHLAZENÉ",
        "JOGURTY A DEZERTY"
      ],
      "prices": [
        {
          "store_name": "Albert",
          "price": 29.9,
          "original_price": null,
          "unit_price": 166.11,
          "unit": "Kg",
          "package_size": "180 g",
          "condition": null
        }
      ],
      "description": null
    },
    {
      "name": "Orion Studentská pečeť mléčná",
      "brand": "Orion",
      "product_url": "https://wolt.com/cs/cze/prague/venue/albert-vinohradska/orion-studentska-pecet-mlecna-itemid-64ca0b7cba162577de4883bb",
      "image_url": "https://imageproxy.wolt.com/menu/menu-images/63ad795db242366d1f818f36/76d76384-97c2-11f0-9669-a676ac57b514_20301316.jpg",
      "categories": [
        "TRVANLIVÉ",
        "SLADKOSTI"
      ],
      "prices": [
        {
          "store_name": "Albert",
          "price": 69.9,
          "original_price": null,
          "unit_price": 411.18,
          "unit": "Kg",
          "package_size": "170 g",
          "condition": null
        }
      ],
      "description": null
    },
    {
      "name": "Sheba Kapsička rybí výběr ve šťávě",
      "brand": "Sheba",
      "product_url": "https://wolt.com/cs/cze/prague/venue/albert-vinohradska/sheba-kapsicka-rybi-vyber-ve-stave-itemid-64ca0b7cba162577de489f69",
      "image_url": "https://imageproxy.wolt.com/menu/menu-images/64ffec4406cca0140dfab831/c363b1aa-8eb7-11ee-bc97-06c7de8dd7bf_26052069.jpg",
      "categories": [
        "ZVÍŘATA",
        "KOČKY"
      ],
      "prices": [
        {
          "store_name": "Albert",
          "price": 59.9,
          "original_price": null,
          "unit_price": 176.18,
          "unit": "Kg",
          "package_size": "340 g",
          "condition": null
        }
      ],
      "description": null
    },
    {
      "name": "Albert Excellent Tapas Fuet s černým lanýžem",
      "brand": "Albert Excellent",
      "product_url": "https://wolt.com/cs/cze/prague/venue/albert-vinohradska/albert-excellent-tapas-fuet-s-cernym-lanyzem-itemid-6602259e3ab0e965a47b4019",
      "image_url": "https://imageproxy.wolt.com/menu/menu-images/6601c613e48d1c8d95333085/28f3571c-eae5-11ee-9048-121690ac152c_27804605.jpg",
      "categories": [
        "UZENINY A LAHŮDKY",
        "TAPAS"
      ],
      "prices": [
        {
          "store_name": "Albert",
          "price": 79.0,
          "original_price": null,
          "unit_price": 1128.57,
          "unit": "Kg",
          "package_size": "70 g",
          "condition": null
        }
      ],
      "description": null
    },
    {
      "name": "Marilky čokoládové",
      "brand": "Marilky",
      "product_url": "https://wolt.com/cs/cze/prague/venue/albert-vinohradska/marilky-cokoladove-itemid-64ca0b7cba162577de489181",
      "image_url": "https://imageproxy.wolt.com/menu/menu-images/64ffec4406cca0140dfab831/5244648e-8ec0-11ee-86a3-3ac809dc7454_27168004.jpg",
      "categories": [
        "TRVANLIVÉ",
        "SLADKOSTI"
      ],
      "prices": [
        {
          "store_name": "Albert",
          "price": 9.9,
          "original_price": null,
          "unit_price": 300.0,
          "unit": "Kg",
          "package_size": "33 g",
          "condition": null
        }
      ],
      "description": null
    },
    {
      "name": "Fa sprchový gel Magic Oil Pink Jasmine",
      "brand": "Fa",
      "product_url": "https://wolt.com/cs/cze/prague/venue/albert-vinohradska/fa-sprchovy-gel-magic-oil-pink-jasmine-itemid-64ca0b7cba162577de488ddb",
      "image_url": "https://imageproxy.wolt.com/menu/menu-images/63ad795db242366d1f818f36/12624cc8-a8ea-11f0-9560-6a5658030270_26475905.jpg",
      "categories": [
        "DROGERIE A KOSMETIKA",
        "MÝDLA A GELY"
      ],
      "prices": [
        {
          "store_name": "Albert",
          "price": 79.9,
          "original_price": null,
          "unit_price": 199.75,
          "unit": "l",
          "package_size": "400 ml",
          "condition": null
        }
      ],
      "description": null
    },
    {
      "name": "Mixit Křupavý sýr White Cheddar a Red Leicester",
      "brand": "Mixit",
      "product_url": "https://wolt.com/cs/cze/prague/venue/albert-vinohradska/mixit-krupavy-syr-white-cheddar-a-red-leicester-itemid-681b5abffcbd67bf7a8f4a1e",
      "image_url": "https://imageproxy.wolt.com/menu/menu-images/63ad795db242366d1f818f36/b4be302a-2b47-11f0-b023-e66f4648c6a0_27958575.jpg",
      "categories": [
        "TRVANLIVÉ",
        "SLANÉ"
      ],
      "prices": [
        {
          "store_name": "Albert",
          "price": 159.0,
          "original_price": null,
          "unit_price": 2271.43,
          "unit": "Kg",
          "package_size": "70 g",
          "condition": "Vyprodáno"
        }
      ],
      "description": null
    },
    {
      "name": "Delicata Bílá čokoláda",
      "brand": "Delicata",
      "product_url": "https://wolt.com/cs/cze/prague/venue/albert-vinohradska/delicata-bila-cokolada-itemid-64ca0b7cba162577de4893be",
      "image_url": "https://imageproxy.wolt.com/menu/menu-images/64ffec4406cca0140dfab831/2595adaa-8ec8-11ee-a15a-7639dadf697f_27706602.jpg",
      "categories": [
        "TRVANLIVÉ",
        "SLADKOSTI"
      ],
      "prices": [
        {
          "store_name": "Albert",
          "price": 39.9,
          "original_price": null,
          "unit_price": 399.0,
          "unit": "Kg",
          "package_size": "100 g",
          "condition": null
        }
      ],
      "description": null
    },
    {
      "name": "Nature's Promise Acidofilní mléko",
      "brand": "Nature's Promise",
      "product_url": "https://wolt.com/cs/cze/prague/venue/albert-vinohradska/nature-s-promise-acidofilni-mleko-itemid-64ca0b7cba162577de489089",
      "image_url": "https://imageproxy.wolt.com/menu/menu-images/63ad795db242366d1f818f36/77866fa0-8e26-11f0-87e6-0eafb42c0f85_27048450.jpg",
      "categories": [
        "MLÉČNÉ A CHLAZENÉ",
        "MLÉČNÉ NÁPOJE"
      ],
      "prices": [
        {
          "store_name": "Albert",
          "price": 28.9,
          "original_price": null,
          "unit_price": 38.53,
          "unit": "Kg",
          "package_size": "750 g",
          "condition": null
        }
      ],
      "description": null
    },
    {
      "name": "Albert Jogurt selský meruňka",
      "brand": "Albert",
      "product_url": "https://wolt.com/cs/cze/prague/venue/albert-vinohradska/albert-jogurt-selsky-merunka-itemid-64ca0b7cba162577de488133",
      "image_url": "https://imageproxy.wolt.com/menu/menu-images/64ffec4406cca0140dfab831/23ef4a9e-8eb7-11ee-a1d3-2e13ed999a8b_25890907.jpg",
      "categories": [
        "MLÉČNÉ A CHLAZENÉ",
        "JOGURTY A DEZERTY"
      ],
      "prices": [
        {
          "store_name": "Albert",
          "price": 13.9,
          "original_price": null,
          "unit_price": 77.22,
          "unit": "Kg",
          "package_size": "180 g",
          "condition": null
        }
      ],
      "description": null
    },
    {
      "name": "Nature's Promise Bio Mouka pšeničná chlebová",
      "brand": "Nature's Promise",
      "product_url": "https://wolt.com/cs/cze/prague/venue/albert-vinohradska/nature-s-promise-bio-mouka-psenicna-chlebova-itemid-64ca0b7cba162577de4894e8",
      "image_url": "https://imageproxy.wolt.com/menu/menu-images/64ffec4406cca0140dfab831/547057e6-8ebf-11ee-9337-024004d5d6b2_27107034.jpg",
      "categories": [
        "TRVANLIVÉ",
        "PEČENÍ A VAŘENÍ"
      ],
      "prices": [
        {
          "store_name": "Albert",
          "price": 39.9,
          "original_price": null,
          "unit_price": 39.9,
          "unit": "Kg",
          "package_size": "1 kg",
          "condition": null
        }
      ],
      "description": null
    },
    {
      "name": "Vademecum Pro V Complete zubní pasta",
      "brand": "Vademecum",
      "product_url": "https://wolt.com/cs/cze/prague/venue/albert-vinohradska/vademecum-pro-v-complete-zubni-pasta-itemid-657233256818b938df948730",
      "image_url": "https://imageproxy.wolt.com/menu/menu-images/64ffec4406cca0140dfab831/dc7433b0-8eb5-11ee-ad70-0208801a60c2_25644791.jpg",
      "categories": [
        "DROGERIE A KOSMETIKA",
        "ÚSTNÍ HYGIENA"
      ],
      "prices": [
        {
          "store_name": "Albert",
          "price": 79.9,
          "original_price": null,
          "unit_price": 1065.33,
          "unit": "l",
          "package_size": "75 ml",
          "condition": "Vyprodáno"
        }
      ],
      "description": null
    },
    {
      "name": "Kucharek Sójová omáčka",
      "brand": "Kucharek",
      "product_url": "https://wolt.com/cs/cze/prague/venue/albert-vinohradska/kucharek-sojova-omacka-itemid-64ca0b7cba162577de48873d",
      "image_url": "https://imageproxy.wolt.com/menu/menu-images/64ffec4406cca0140dfab831/c3d7fd26-8eb2-11ee-936f-9e446d541704_24882958.jpg",
      "categories": [
        "TRVANLIVÉ",
        "KOŘENÍ A OCHUCOVADLA"
      ],
      "prices": [
        {
          "store_name": "Albert",
          "price": 27.9,
          "original_price": null,
          "unit_price": 129.77,
          "unit": "Kg",
          "package_size": "215 g",
          "condition": null
        }
      ],
      "description": null
    },
    {
      "name": "Liptov Pareničky uzené",
      "brand": "Liptov",
      "product_url": "https://wolt.com/cs/cze/prague/venue/albert-vinohradska/liptov-parenicky-uzene-itemid-64ca0b7cba162577de4894d6",
      "image_url": "https://imageproxy.wolt.com/menu/menu-images/63ad795db242366d1f818f36/85df6df2-10f7-11ef-805e-4aa8e4476ed8_25877878.jpg",
      "categories": [
        "MLÉČNÉ A CHLAZENÉ",
        "SÝRY"
      ],
      "prices": [
        {
          "store_name": "Albert",
          "price": 53.9,
          "original_price": null,
          "unit_price": 550.0,
          "unit": "Kg",
          "package_size": "98 g",
          "condition": null
        }
      ],
      "description": null
    },
    {
      "name": "Sommelier Collection  Pinot Grigio",
      "brand": "Sommelier",
      "product_url": "https://wolt.com/cs/cze/prague/venue/albert-vinohradska/sommelier-collection-pinot-grigio-itemid-657233256818b938df9483d9",
      "image_url": "https://imageproxy.wolt.com/menu/menu-images/64ffec4406cca0140dfab831/e2b7b24e-8ec7-11ee-95a4-4eeff7c63e9c_27687345.jpg",
      "categories": [
        "NÁPOJE",
        "VÍNA"
      ],
      "prices": [
        {
          "store_name": "Albert",
          "price": 199.0,
          "original_price": null,
          "unit_price": 265.33,
          "unit": "l",
          "package_size": "750 ml, 12% alc",
          "condition": "18+, Vyprodáno"
        }
      ],
      "description": null
    },
    {
      "name": "Bohemia Sekt Ice Pink Demi Sec",
      "brand": "Bohemia",
      "product_url": "https://wolt.com/cs/cze/prague/venue/albert-vinohradska/bohemia-sekt-ice-pink-demi-sec-itemid-64ca0b7cba162577de48a5d1",
      "image_url": "https://imageproxy.wolt.com/menu/menu-images/64ffec4406cca0140dfab831/7074b57a-8ec6-11ee-a3ae-0eb01a66e252_27610596.jpg",
      "categories": [
        "NÁPOJE",
        "VÍNA"
      ],
      "prices": [
        {
          "store_name": "Albert",
          "price": 179.0,
          "original_price": null,
          "unit_price": 238.67,
          "unit": "l",
          "package_size": "750 ml, 11% alc",
          "condition": "18+"
        }
      ],
      "description": null
    },
    {
      "name": "Albert Tavený sýr",
      "brand": "Albert",
      "product_url": "https://wolt.com/cs/cze/prague/venue/albert-vinohradska/albert-taveny-syr-itemid-64ca0b7cba162577de48867d",
      "image_url": "https://imageproxy.wolt.com/menu/menu-images/64ffec4406cca0140dfab831/a166aaf0-8ebf-11ee-874d-461ac7d1f05d_27125199.jpg",
      "categories": [
        "MLÉČNÉ A CHLAZENÉ",
        "SÝRY"
      ],
      "prices": [
        {
          "store_name": "Albert",
          "price": 15.9,
          "original_price": null,
          "unit_price": 159.0,
          "unit": "Kg",
          "package_size": "100 g",
          "condition": null
        }
      ],
      "description": null
    },
    {
      "name": "Perla Aroma zrnková káva",
      "brand": "Perla",
      "product_url": "https://wolt.com/cs/cze/prague/venue/albert-vinohradska/perla-aroma-zrnkova-kava-itemid-64ca0b7cba162577de48a67e",
      "image_url": "https://imageproxy.wolt.com/menu/menu-images/64ffec4406cca0140dfab831/a6733c82-8ec1-11ee-953c-bed63d7a3e3f_27257265.jpg",
      "categories": [
        "NÁPOJE",
        "KÁVA A ČAJ"
      ],
      "prices": [
        {
          "store_name": "Albert",
          "price": 239.0,
          "original_price": null,
          "unit_price": 478.0,
          "unit": "Kg",
          "package_size": "500 g",
          "condition": null
        }
      ],
      "description": null
    },
    {
      "name": "Elinas Jogurt řeckého typu, bílý",
      "brand": "Elinas",
      "product_url": "https://wolt.com/cs/cze/prague/venue/albert-vinohradska/elinas-jogurt-reckeho-typu-bily-itemid-64ca0b7cba162577de489a23",
      "image_url": "https://imageproxy.wolt.com/menu/menu-images/64ffec4406cca0140dfab831/96f2b076-8eb2-11ee-b2a2-f6f59196df47_24837408.jpg",
      "categories": [
        "MLÉČNÉ A CHLAZENÉ",
        "JOGURTY A DEZERTY"
      ],
      "prices": [
        {
          "store_name": "Albert",
          "price": 23.9,
          "original_price": null,
          "unit_price": 159.33,
          "unit": "Kg",
          "package_size": "150 g",
          "condition": null
        }
      ],
      "description": null
    },
    {
      "name": "Hello Ovocná přesnídávka s jahodami",
      "brand": "Hello",
      "product_url": "https://wolt.com/cs/cze/prague/venue/albert-vinohradska/hello-ovocna-presnidavka-s-jahodami-itemid-64ca0b7cba162577de488537",
      "image_url": "https://imageproxy.wolt.com/menu/menu-images/63ad795db242366d1f818f36/2aa2359a-7826-11f0-81a6-da563457d4c3_25820928.jpg",
      "categories": [
        "DÍTĚ",
        "VÝŽIVA"
      ],
      "prices": [
        {
          "store_name": "Albert",
          "price": 7.9,
          "original_price": null,
          "unit_price": 79.0,
          "unit": "Kg",
          "package_size": "100 g",
          "condition": null
        }
      ],
      "description": null
    },
    {
      "name": "Hello Ovocná přesnídávka s jahodami",
      "brand": "Hello",
      "product_url": "https://wolt.com/cs/cze/prague/venue/albert-vinohradska/hello-ovocna-presnidavka-s-jahodami-itemid-64ca0b7cba162577de4895fb",
      "image_url": "https://imageproxy.wolt.com/menu/menu-images/63ad795db242366d1f818f36/da56a178-7827-11f0-b566-ca5d23d4c467_27247563.jpg",
      "categories": [
        "DÍTĚ",
        "VÝŽIVA"
      ],
      "prices": [
        {
          "store_name": "Albert",
          "price": 11.9,
          "original_price": null,
          "unit_price": 59.5,
          "unit": "Kg",
          "package_size": "200 g",
          "condition": null
        }
      ],
      "description": null
    },
    {
      "name": "Panzani Spaghetti",
      "brand": "Panzani",
      "product_url": "https://wolt.com/cs/cze/prague/venue/albert-vinohradska/panzani-spaghetti-itemid-64ca0b7cba162577de4884e7",
      "image_url": "https://imageproxy.wolt.com/menu/menu-images/64ffec4406cca0140dfab831/2e04cb16-8eae-11ee-b20f-f2309c23f2b6_22002440.jpg",
      "categories": [
        "TRVANLIVÉ",
        "TĚSTOVINY A KUSKUS"
      ],
      "prices": [
        {
          "store_name": "Albert",
          "price": null,
          "original_price": null,
          "unit_price": 59.8,
          "unit": "Kg",
          "package_size": "500 g",
          "condition": "Sleva"
        }
      ],
      "description": null
    },
    {
      "name": "Ballantine's Finest 40% True Music",
      "brand": "Ballantine's",
      "product_url": "https://wolt.com/cs/cze/prague/venue/albert-vinohradska/ballantine-s-finest-40-true-music-itemid-64ca0b7cba162577de4887af",
      "image_url": "https://imageproxy.wolt.com/menu/menu-images/63ad795db242366d1f818f36/b0247336-ed43-11ef-bd9d-962dfd259aaa_20454074.jpg",
      "categories": [
        "NÁPOJE",
        "LIHOVINY"
      ],
      "prices": [
        {
          "store_name": "Albert",
          "price": 469.0,
          "original_price": null,
          "unit_price": 670.0,
          "unit": "l",
          "package_size": "700 ml, 40% alc",
          "condition": "18+"
        }
      ],
      "description": null
    },
    {
      "name": "Sommelier Collection Ryzlink vlašský",
      "brand": "Sommelier",
      "product_url": "https://wolt.com/cs/cze/prague/venue/albert-vinohradska/sommelier-collection-ryzlink-vlassky-itemid-64ca0b7cba162577de48a475",
      "image_url": "https://imageproxy.wolt.com/menu/menu-images/64ffec4406cca0140dfab831/7ab69770-8ec5-11ee-97b6-bed13653e197_27549186.jpg",
      "categories": [
        "NÁPOJE",
        "VÍNA"
      ],
      "prices": [
        {
          "store_name": "Albert",
          "price": 219.0,
          "original_price": null,
          "unit_price": 292.0,
          "unit": "l",
          "package_size": "750 ml, 12% alc",
          "condition": "18+"
        }
      ],
      "description": null
    },
    {
      "name": "Pedro Duhové pásky",
      "brand": "Pedro",
      "product_url": "https://wolt.com/cs/cze/prague/venue/albert-vinohradska/pedro-duhove-pasky-itemid-64ca0b7cba162577de488af1",
      "image_url": "https://imageproxy.wolt.com/menu/menu-images/64ffec4406cca0140dfab831/aa17fad0-8ebc-11ee-ad9e-024d5631d362_26855349.jpg",
      "categories": [
        "TRVANLIVÉ",
        "SLADKOSTI"
      ],
      "prices": [
        {
          "store_name": "Albert",
          "price": 23.9,
          "original_price": null,
          "unit_price": 298.75,
          "unit": "Kg",
          "package_size": "80 g",
          "condition": null
        }
      ],
      "description": null
    },
    {
      "name": "Müllermilch ZERO Mléčný nápoj protein (mix)",
      "brand": "Müllermilch",
      "product_url": "https://wolt.com/cs/cze/prague/venue/albert-vinohradska/mullermilch-zero-mlecny-napoj-protein-mix-itemid-657233256818b938df948746",
      "image_url": "https://imageproxy.wolt.com/menu/menu-images/63ad795db242366d1f818f36/15bce6d2-9796-11ef-b596-3ab397c75ccc_27117545.jpg",
      "categories": [
        "MLÉČNÉ A CHLAZENÉ",
        "MLÉČNÉ NÁPOJE"
      ],
      "prices": [
        {
          "store_name": "Albert",
          "price": null,
          "original_price": null,
          "unit_price": 79.52,
          "unit": "l",
          "package_size": "376 ml",
          "condition": "Sleva"
        }
      ],
      "description": null
    },
    {
      "name": "Radegast rázná 10 světlé výčepní 6pack",
      "brand": "Radegast",
      "product_url": "https://wolt.com/cs/cze/prague/venue/albert-vinohradska/radegast-razna-10-svetle-vycepni-6pack-itemid-64ca0b7cba162577de488241",
      "image_url": "https://imageproxy.wolt.com/menu/menu-images/64ffec4406cca0140dfab831/f63281aa-8eb3-11ee-bdbf-325d7328b531_25220322.jpg",
      "categories": [
        "NÁPOJE",
        "PIVA"
      ],
      "prices": [
        {
          "store_name": "Albert",
          "price": 99.9,
          "original_price": null,
          "unit_price": 33.3,
          "unit": "l",
          "package_size": "3 l, 4,1% alc",
          "condition": "18+"
        }
      ],
      "description": null
    },
    {
      "name": "Akinu Masíčka králičí pásky",
      "brand": "Akinu",
      "product_url": "https://wolt.com/cs/cze/prague/venue/albert-vinohradska/akinu-masicka-kralici-pasky-itemid-64ca0b7cba162577de4892ff",
      "image_url": "https://imageproxy.wolt.com/menu/menu-images/64ffec4406cca0140dfab831/c93d9b48-8ebe-11ee-abed-62c80973176d_27057919.jpg",
      "categories": [
        "ZVÍŘATA",
        "PSI"
      ],
      "prices": [
        {
          "store_name": "Albert",
          "price": null,
          "original_price": null,
          "unit_price": 478.67,
          "unit": "Kg",
          "package_size": "75 g",
          "condition": "Sleva"
        }
      ],
      "description": null
    },
    {
      "name": "Albert Excellent Tapas Olivy Nocellara",
      "brand": "Albert Excellent",
      "product_url": "https://wolt.com/cs/cze/prague/venue/albert-vinohradska/albert-excellent-tapas-olivy-nocellara-itemid-64ca0b7cba162577de489aa8",
      "image_url": "https://imageproxy.wolt.com/menu/menu-images/63ad795db242366d1f818f36/92a6c988-8e26-11f0-aeb6-d638748799e8_27643600.jpg",
      "categories": [
        "UZENINY A LAHŮDKY",
        "TAPAS"
      ],
      "prices": [
        {
          "store_name": "Albert",
          "price": 69.0,
          "original_price": null,
          "unit_price": 530.77,
          "unit": "Kg",
          "package_size": "130 g",
          "condition": "Vyprodáno"
        }
      ],
      "description": null
    },
    {
      "name": "Olma Mléko čerstvé polotučné 1,5%",
      "brand": "Olma",
      "product_url": "https://wolt.com/cs/cze/prague/venue/albert-vinohradska/olma-mleko-cerstve-polotucne-1-5-itemid-64ca0b7cba162577de4895c7",
      "image_url": "https://imageproxy.wolt.com/menu/menu-images/64ffec4406cca0140dfab831/7a1f41ac-8eae-11ee-95d9-c21b45fc094b_22435118.jpg",
      "categories": [
        "MLÉČNÉ A CHLAZENÉ",
        "MLÉČNÉ NÁPOJE"
      ],
      "prices": [
        {
          "store_name": "Albert",
          "price": 34.9,
          "original_price": null,
          "unit_price": 34.9,
          "unit": "l",
          "package_size": "1 l",
          "condition": null
        }
      ],
      "description": null
    },
    {
      "name": "Albert Excellent Losos uzený",
      "brand": "Albert Excellent",
      "product_url": "https://wolt.com/cs/cze/prague/venue/albert-vinohradska/albert-excellent-losos-uzeny-itemid-64ca0b7cba162577de488a63",
      "image_url": "https://imageproxy.wolt.com/menu/menu-images/64ffec4406cca0140dfab831/dc80f63a-8ec0-11ee-8a3e-261fd742ff1a_27199619.jpg",
      "categories": [
        "UZENINY A LAHŮDKY",
        "RYBÍ SPECIALITY"
      ],
      "prices": [
        {
          "store_name": "Albert",
          "price": 99.9,
          "original_price": null,
          "unit_price": 799.2,
          "unit": "Kg",
          "package_size": "125 g",
          "condition": "Vyprodáno"
        }
      ],
      "description": null
    },
    {
      "name": "Emma Višně v hořké čokoládě",
      "brand": "Emma",
      "product_url": "https://wolt.com/cs/cze/prague/venue/albert-vinohradska/emma-visne-v-horke-cokolade-itemid-64ca0b7cba162577de488c83",
      "image_url": "https://imageproxy.wolt.com/menu/menu-images/63ad795db242366d1f818f36/3fa71082-765b-11ef-961a-326d49de6bfb_26482163.jpg",
      "categories": [
        "OVOCE A ZELENINA",
        "SUCHÉ PLODY"
      ],
      "prices": [
        {
          "store_name": "Albert",
          "price": 69.9,
          "original_price": null,
          "unit_price": 466.0,
          "unit": "Kg",
          "package_size": "150 g",
          "condition": null
        }
      ],
      "description": null
    },
    {
      "name": "Paul Mas Chardonnay",
      "brand": "Paul",
      "product_url": "https://wolt.com/cs/cze/prague/venue/albert-vinohradska/paul-mas-chardonnay-itemid-64ca0b7cba162577de489ffe",
      "image_url": "https://imageproxy.wolt.com/menu/menu-images/63ad795db242366d1f818f36/dcaeafae-f8ef-11ef-9afc-720ab715f21d_25922936.jpg",
      "categories": [
        "NÁPOJE",
        "VÍNA"
      ],
      "prices": [
        {
          "store_name": "Albert",
          "price": 119.9,
          "original_price": null,
          "unit_price": 159.87,
          "unit": "l",
          "package_size": "750 ml, 13,5% alc",
          "condition": "18+"
        }
      ],
      "description": null
    },
    {
      "name": "Adriana Pasta Fusilli",
      "brand": "Adriana",
      "product_url": "https://wolt.com/cs/cze/prague/venue/albert-vinohradska/adriana-pasta-fusilli-itemid-64ca0b7cba162577de489441",
      "image_url": "https://imageproxy.wolt.com/menu/menu-images/64ffec4406cca0140dfab831/5f999818-8eb4-11ee-b740-e6fbf8d3c3b0_25306446.jpg",
      "categories": [
        "TRVANLIVÉ",
        "TĚSTOVINY A KUSKUS"
      ],
      "prices": [
        {
          "store_name": "Albert",
          "price": 49.9,
          "original_price": null,
          "unit_price": 99.8,
          "unit": "Kg",
          "package_size": "500 g",
          "condition": null
        }
      ],
      "description": null
    },
    {
      "name": "Bounty Čokoládová tyčinka s kokosem",
      "brand": "Bounty",
      "product_url": "https://wolt.com/cs/cze/prague/venue/albert-vinohradska/bounty-cokoladova-tycinka-s-kokosem-itemid-64ca0b7cba162577de489529",
      "image_url": "https://imageproxy.wolt.com/menu/menu-images/63ad795db242366d1f818f36/c5642fd0-7825-11f0-ade9-1e81f8798068_20318642.jpg",
      "categories": [
        "TRVANLIVÉ",
        "SLADKOSTI"
      ],
      "prices": [
        {
          "store_name": "Albert",
          "price": null,
          "original_price": null,
          "unit_price": 331.58,
          "unit": "Kg",
          "package_size": "57 g",
          "condition": "Sleva"
        }
      ],
      "description": null
    },
    {
      "name": "Hamé Hovězí maso ve šťávě",
      "brand": "Hamé",
      "product_url": "https://wolt.com/cs/cze/prague/venue/albert-vinohradska/hame-hovezi-maso-ve-stave-itemid-657233256818b938df947893",
      "image_url": "https://imageproxy.wolt.com/menu/menu-images/64ffec4406cca0140dfab831/7afb97ca-8ead-11ee-8558-f6745e48ee46_20787035.jpg",
      "categories": [
        "TRVANLIVÉ",
        "KONZERVOVANÉ POTR."
      ],
      "prices": [
        {
          "store_name": "Albert",
          "price": 124.9,
          "original_price": null,
          "unit_price": 520.42,
          "unit": "Kg",
          "package_size": "240 g",
          "condition": null
        }
      ],
      "description": null
    },
    {
      "name": "Red Lady Lubrastrip dámská holítka",
      "brand": "Red",
      "product_url": "https://wolt.com/cs/cze/prague/venue/albert-vinohradska/red-lady-lubrastrip-damska-holitka-itemid-64ca0b7cba162577de488d69",
      "image_url": "https://imageproxy.wolt.com/menu/menu-images/64ffec4406cca0140dfab831/57d7d060-8eb7-11ee-a6e3-f676b94e1855_25924374.jpg",
      "categories": [
        "DROGERIE A KOSMETIKA",
        "HOLENÍ A DEPILACE"
      ],
      "prices": [
        {
          "store_name": "Albert",
          "price": 39.9,
          "original_price": null,
          "unit_price": 7.98,
          "unit": "ks",
          "package_size": "‪5‬ kusů",
          "condition": null
        }
      ],
      "description": null
    },
    {
      "name": "Hello Ovocná přesnídávka s broskvemi",
      "brand": "Hello",
      "product_url": "https://wolt.com/cs/cze/prague/venue/albert-vinohradska/hello-ovocna-presnidavka-s-broskvemi-itemid-64ca0b7cba162577de4884fd",
      "image_url": "https://imageproxy.wolt.com/menu/menu-images/63ad795db242366d1f818f36/409669c0-7826-11f0-9cbe-12f9c99270af_26589114.jpg",
      "categories": [
        "DÍTĚ",
        "VÝŽIVA"
      ],
      "prices": [
        {
          "store_name": "Albert",
          "price": 7.9,
          "original_price": null,
          "unit_price": 79.0,
          "unit": "Kg",
          "package_size": "100 g",
          "condition": null
        }
      ],
      "description": null
    },
    {
      "name": "Whiskas Junior kapsičky ve šťávě",
      "brand": "Whiskas",
      "product_url": "https://wolt.com/cs/cze/prague/venue/albert-vinohradska/whiskas-junior-kapsicky-ve-stave-itemid-66021e13a4559398534f167f",
      "image_url": "https://imageproxy.wolt.com/menu/menu-images/6601c613e48d1c8d95333085/e89a2b1e-eae4-11ee-9ed1-c2c0df7d5c88_27729311.jpg",
      "categories": [
        "ZVÍŘATA",
        "KOČKY"
      ],
      "prices": [
        {
          "store_name": "Albert",
          "price": 189.0,
          "original_price": null,
          "unit_price": 185.29,
          "unit": "Kg",
          "package_size": "1,02 kg",
          "condition": null
        }
      ],
      "description": null
    },
    {
      "name": "Jadel sýr",
      "brand": "Jadel",
      "product_url": "https://wolt.com/cs/cze/prague/venue/albert-vinohradska/jadel-syr-itemid-64ca0b7cba162577de488199",
      "image_url": "https://imageproxy.wolt.com/menu/menu-images/64ffec4406cca0140dfab831/be6ee208-8eb4-11ee-a85c-be8c16d2d45a_25416893.jpg",
      "categories": [
        "MLÉČNÉ A CHLAZENÉ",
        "SÝRY"
      ],
      "prices": [
        {
          "store_name": "Albert",
          "price": 44.9,
          "original_price": null,
          "unit_price": 408.18,
          "unit": "Kg",
          "package_size": "110 g",
          "condition": null
        }
      ],
      "description": null
    },
    {
      "name": "Emma Datle bez pecky",
      "brand": "Emma",
      "product_url": "https://wolt.com/cs/cze/prague/venue/albert-vinohradska/emma-datle-bez-pecky-itemid-64ca0b7cba162577de48888f",
      "image_url": "https://imageproxy.wolt.com/menu/menu-images/63ad795db242366d1f818f36/7517cac8-ce6b-11ef-8ec1-b231ac9bfdc9_23711495.jpg",
      "categories": [
        "OVOCE A ZELENINA",
        "SUCHÉ PLODY"
      ],
      "prices": [
        {
          "store_name": "Albert",
          "price": 34.9,
          "original_price": null,
          "unit_price": 174.5,
          "unit": "Kg",
          "package_size": "200 g",
          "condition": null
        }
      ],
      "description": null
    },
    {
      "name": "Bohemia Křupky arašídové",
      "brand": "Bohemia",
      "product_url": "https://wolt.com/cs/cze/prague/venue/albert-vinohradska/bohemia-krupky-arasidove-itemid-64ca0b7cba162577de48825b",
      "image_url": "https://imageproxy.wolt.com/menu/menu-images/63ad795db242366d1f818f36/33f2b89a-0608-11ef-92cf-4644db3ec22e_23201309.jpg",
      "categories": [
        "TRVANLIVÉ",
        "SLANÉ"
      ],
      "prices": [
        {
          "store_name": "Albert",
          "price": 49.9,
          "original_price": null,
          "unit_price": 249.5,
          "unit": "Kg",
          "package_size": "200 g",
          "condition": null
        }
      ],
      "description": null
    },
    {
      "name": "Wilkinson sword Holicí stojek Extra Precision",
      "brand": "Wilkinson",
      "product_url": "https://wolt.com/cs/cze/prague/venue/albert-vinohradska/wilkinson-sword-holici-stojek-extra-precision-itemid-6601e3ec97c13ebd601ef5c3",
      "image_url": "https://imageproxy.wolt.com/menu/menu-images/6601c613e48d1c8d95333085/39ad5146-eae2-11ee-a150-4edc7219f866_22309501.jpg",
      "categories": [
        "DROGERIE A KOSMETIKA",
        "HOLENÍ A DEPILACE"
      ],
      "prices": [
        {
          "store_name": "Albert",
          "price": 84.9,
          "original_price": null,
          "unit_price": 16.98,
          "unit": "ks",
          "package_size": "‪5‬ kusů",
          "condition": null
        }
      ],
      "description": null
    },
    {
      "name": "Felix Party Mix Original pamlsky pro kočky",
      "brand": "Felix",
      "product_url": "https://wolt.com/cs/cze/prague/venue/albert-vinohradska/felix-party-mix-original-pamlsky-pro-kocky-itemid-64ca0b7cba162577de489c56",
      "image_url": "https://imageproxy.wolt.com/menu/menu-images/64ffec4406cca0140dfab831/c219f5f4-8eb5-11ee-8f1c-7a99d2fb2f9f_25625110.jpg",
      "categories": [
        "ZVÍŘATA",
        "KOČKY"
      ],
      "prices": [
        {
          "store_name": "Albert",
          "price": 29.9,
          "original_price": null,
          "unit_price": 498.33,
          "unit": "Kg",
          "package_size": "60 g",
          "condition": null
        }
      ],
      "description": null
    },
    {
      "name": "Olma Kysaná smetana pochoutková 16%",
      "brand": "Olma",
      "product_url": "https://wolt.com/cs/cze/prague/venue/albert-vinohradska/olma-kysana-smetana-pochoutkova-16-itemid-64ca0b7cba162577de489797",
      "image_url": "https://imageproxy.wolt.com/menu/menu-images/64ffec4406cca0140dfab831/dcc2cf24-8eac-11ee-91e6-faa0c7b9848f_20392727.jpg",
      "categories": [
        "MLÉČNÉ A CHLAZENÉ",
        "SMETANY A ŠLEHAČKY"
      ],
      "prices": [
        {
          "store_name": "Albert",
          "price": 22.9,
          "original_price": null,
          "unit_price": 114.5,
          "unit": "Kg",
          "package_size": "200 g",
          "condition": null
        }
      ],
      "description": null
    },
    {
      "name": "Home Kitchen Alobal",
      "brand": "Home",
      "product_url": "https://wolt.com/cs/cze/prague/venue/albert-vinohradska/home-kitchen-alobal-itemid-6601ec4acac78ba1a2329765",
      "image_url": "https://imageproxy.wolt.com/menu/menu-images/6601c613e48d1c8d95333085/203bab60-eae5-11ee-b3f9-3a68d9936760_27793992.jpg",
      "categories": [
        "DOMÁCNOST A ZAHRADA",
        "KUCHYŇSKÉ POTŘEBY"
      ],
      "prices": [
        {
          "store_name": "Albert",
          "price": 79.9,
          "original_price": null,
          "unit_price": 2.66,
          "unit": "ks",
          "package_size": "‪30‬ kusů",
          "condition": null
        }
      ],
      "description": null
    },
    {
      "name": "Lučina",
      "brand": "Lučina",
      "product_url": "https://wolt.com/cs/cze/prague/venue/albert-vinohradska/lucina-itemid-64ca0b7cba162577de489250",
      "image_url": "https://imageproxy.wolt.com/menu/menu-images/63ad795db242366d1f818f36/d05d5674-25b3-11f0-9ef7-de767a9f8d54_20294489.jpg",
      "categories": [
        "MLÉČNÉ A CHLAZENÉ",
        "SÝRY"
      ],
      "prices": [
        {
          "store_name": "Albert",
          "price": null,
          "original_price": null,
          "unit_price": 288.71,
          "unit": "Kg",
          "package_size": "62 g",
          "condition": "Sleva"
        }
      ],
      "description": null
    },
    {
      "name": "Volfas Engelman BLANC",
      "brand": "Volfas",
      "product_url": "https://wolt.com/cs/cze/prague/venue/albert-vinohradska/volfas-engelman-blanc-itemid-657233256818b938df9485ba",
      "image_url": "https://imageproxy.wolt.com/menu/menu-images/64ffec4406cca0140dfab831/f8a50a16-8ec2-11ee-97aa-a6924885d1bf_27341735.jpg",
      "categories": [
        "NÁPOJE",
        "PIVA"
      ],
      "prices": [
        {
          "store_name": "Albert",
          "price": 41.9,
          "original_price": null,
          "unit_price": 73.77,
          "unit": "l",
          "package_size": "568 ml, 5% alc",
          "condition": "18+"
        }
      ],
      "description": null
    },
    {
      "name": "Odol Velvet White zubní pasta s fluoridem",
      "brand": "Odol",
      "product_url": "https://wolt.com/cs/cze/prague/venue/albert-vinohradska/odol-velvet-white-zubni-pasta-s-fluoridem-itemid-64ca0b7cba162577de489b65",
      "image_url": "https://imageproxy.wolt.com/menu/menu-images/63ad795db242366d1f818f36/f0537492-7827-11f0-8c15-2ad371a9efbd_27728567.jpg",
      "categories": [
        "DROGERIE A KOSMETIKA",
        "ÚSTNÍ HYGIENA"
      ],
      "prices": [
        {
          "store_name": "Albert",
          "price": 39.9,
          "original_price": null,
          "unit_price": 532.0,
          "unit": "l",
          "package_size": "75 ml",
          "condition": null
        }
      ],
      "description": null
    },
    {
      "name": "Albert Excellent Hovězí Carpaccio",
      "brand": "Albert Excellent",
      "product_url": "https://wolt.com/cs/cze/prague/venue/albert-vinohradska/albert-excellent-hovezi-carpaccio-itemid-64ca0b7cba162577de4887bf",
      "image_url": "https://imageproxy.wolt.com/menu/menu-images/64ffec4406cca0140dfab831/cf3eacb8-8ebd-11ee-9b1d-5eb9bb96d91f_26969176.jpg",
      "categories": [
        "MASO A RYBY",
        "HOVĚZÍ A TELECÍ"
      ],
      "prices": [
        {
          "store_name": "Albert",
          "price": 79.9,
          "original_price": null,
          "unit_price": 799.0,
          "unit": "Kg",
          "package_size": "100 g",
          "condition": null
        }
      ],
      "description": null
    },
    {
      "name": "Lindt Lindor Čokoláda hořká s jemnou náplní",
      "brand": "Lindt",
      "product_url": "https://wolt.com/cs/cze/prague/venue/albert-vinohradska/lindt-lindor-cokolada-horka-s-jemnou-naplni-itemid-657233256818b938df9489f0",
      "image_url": "https://imageproxy.wolt.com/menu/menu-images/64ffec4406cca0140dfab831/8b02478e-8ec3-11ee-a656-7639dadf697f_27386255.jpg",
      "categories": [
        "TRVANLIVÉ",
        "SLADKOSTI"
      ],
      "prices": [
        {
          "store_name": "Albert",
          "price": 99.9,
          "original_price": null,
          "unit_price": 999.0,
          "unit": "Kg",
          "package_size": "100 g",
          "condition": null
        }
      ],
      "description": null
    },
    {
      "name": "Milka Mléčná čokoláda s lískovými ořechy",
      "brand": "Milka",
      "product_url": "https://wolt.com/cs/cze/prague/venue/albert-vinohradska/milka-mlecna-cokolada-s-liskovymi-orechy-itemid-64ca0b7cba162577de4880d9",
      "image_url": "https://imageproxy.wolt.com/menu/menu-images/63ad795db242366d1f818f36/84eb0f1e-be3e-11f0-a136-6a6ba23ec5aa_20301330.jpg",
      "categories": [
        "TRVANLIVÉ",
        "SLADKOSTI"
      ],
      "prices": [
        {
          "store_name": "Albert",
          "price": null,
          "original_price": null,
          "unit_price": 314.74,
          "unit": "Kg",
          "package_size": "95 g",
          "condition": "Sleva"
        }
      ],
      "description": null
    },
    {
      "name": "Ředkvičky",
      "brand": "Ředkvičky",
      "product_url": "https://wolt.com/cs/cze/prague/venue/albert-vinohradska/redkvicky-itemid-64ca0b7cba162577de48841d",
      "image_url": "https://imageproxy.wolt.com/menu/menu-images/63ad795db242366d1f818f36/3516e81c-2b47-11f0-9894-42be76be39c5_27373132.jpg",
      "categories": [
        "OVOCE A ZELENINA",
        "ZELENINA"
      ],
      "prices": [
        {
          "store_name": "Albert",
          "price": 19.9,
          "original_price": null,
          "unit_price": 79.6,
          "unit": "Kg",
          "package_size": "250 g",
          "condition": null
        }
      ],
      "description": null
    },
    {
      "name": "Nature's Promise Carpaccio ochucené",
      "brand": "Nature's Promise",
      "product_url": "https://wolt.com/cs/cze/prague/venue/albert-vinohradska/nature-s-promise-carpaccio-ochucene-itemid-657233256818b938df9489c7",
      "image_url": "https://imageproxy.wolt.com/menu/menu-images/64ffec4406cca0140dfab831/1f704388-8ecb-11ee-ad97-02b883a3ca29_27795255.jpg",
      "categories": [
        "UZENINY A LAHŮDKY",
        "HOTOVKY A PŘÍLOHY"
      ],
      "prices": [
        {
          "store_name": "Albert",
          "price": null,
          "original_price": null,
          "unit_price": 554.44,
          "unit": "Kg",
          "package_size": "90 g",
          "condition": "Sleva"
        }
      ],
      "description": null
    },
    {
      "name": "Albert Excellent Pomazánka černý rybíz",
      "brand": "Albert Excellent",
      "product_url": "https://wolt.com/cs/cze/prague/venue/albert-vinohradska/albert-excellent-pomazanka-cerny-rybiz-itemid-6601e68e1454354b134e995b",
      "image_url": "https://imageproxy.wolt.com/menu/menu-images/63ad795db242366d1f818f36/417f3e70-7fed-11ef-bc31-cece11b7561c_27627365.jpg",
      "categories": [
        "TRVANLIVÉ",
        "MEDY A SL. POMAZÁNKY"
      ],
      "prices": [
        {
          "store_name": "Albert",
          "price": 59.9,
          "original_price": null,
          "unit_price": 260.43,
          "unit": "Kg",
          "package_size": "230 g",
          "condition": null
        }
      ],
      "description": null
    },
    {
      "name": "Albert Linecké rohlíčky polomáčené s marmeládou",
      "brand": "Albert",
      "product_url": "https://wolt.com/cs/cze/prague/venue/albert-vinohradska/albert-linecke-rohlicky-polomacene-s-marmeladou-itemid-64ca0b7cba162577de48916d",
      "image_url": "https://imageproxy.wolt.com/menu/menu-images/64ffec4406cca0140dfab831/ac1b0bc0-8eb1-11ee-b899-aa70cbf91f77_24468831.jpg",
      "categories": [
        "PEKÁRNA A CUKRÁRNA",
        "SLADKÉ PEČIVO BALENÉ"
      ],
      "prices": [
        {
          "store_name": "Albert",
          "price": 34.9,
          "original_price": null,
          "unit_price": 158.64,
          "unit": "Kg",
          "package_size": "220 g",
          "condition": null
        }
      ],
      "description": null
    },
    {
      "name": "Panzani Lasagne",
      "brand": "Panzani",
      "product_url": "https://wolt.com/cs/cze/prague/venue/albert-vinohradska/panzani-lasagne-itemid-64ca0b7cba162577de489456",
      "image_url": "https://imageproxy.wolt.com/menu/menu-images/64ffec4406cca0140dfab831/4526e594-8eaf-11ee-bbd9-aa21438df9a4_23233270.jpg",
      "categories": [
        "TRVANLIVÉ",
        "TĚSTOVINY A KUSKUS"
      ],
      "prices": [
        {
          "store_name": "Albert",
          "price": 64.9,
          "original_price": null,
          "unit_price": 129.8,
          "unit": "Kg",
          "package_size": "500 g",
          "condition": null
        }
      ],
      "description": null
    },
    {
      "name": "Emma Kukuřice solená s příchutí barbecue",
      "brand": "Emma",
      "product_url": "https://wolt.com/cs/cze/prague/venue/albert-vinohradska/emma-kukurice-solena-s-prichuti-barbecue-itemid-64ca0b7cba162577de488b03",
      "image_url": "https://imageproxy.wolt.com/menu/menu-images/63ad795db242366d1f818f36/6794566c-c3f1-11ee-9b52-7e45b4506b7f_24983129.jpg",
      "categories": [
        "OVOCE A ZELENINA",
        "SUCHÉ PLODY"
      ],
      "prices": [
        {
          "store_name": "Albert",
          "price": 39.9,
          "original_price": null,
          "unit_price": 199.5,
          "unit": "Kg",
          "package_size": "200 g",
          "condition": null
        }
      ],
      "description": null
    },
    {
      "name": "Franz Josef Kaiser Exclusive Vřetena",
      "brand": "Franz Josef Kaiser",
      "product_url": "https://wolt.com/cs/cze/prague/venue/albert-vinohradska/franz-josef-kaiser-exclusive-vretena-itemid-657233256818b938df948a54",
      "image_url": "https://imageproxy.wolt.com/menu/menu-images/64ffec4406cca0140dfab831/4fbfb14c-8ec4-11ee-b406-5e8c96b8dcdd_27462799.jpg",
      "categories": [
        "TRVANLIVÉ",
        "TĚSTOVINY A KUSKUS"
      ],
      "prices": [
        {
          "store_name": "Albert",
          "price": 39.9,
          "original_price": null,
          "unit_price": 79.8,
          "unit": "Kg",
          "package_size": "500 g",
          "condition": null
        }
      ],
      "description": null
    },
    {
      "name": "Gustona Hrášek v mírně slaném nálevu",
      "brand": "Gustona",
      "product_url": "https://wolt.com/cs/cze/prague/venue/albert-vinohradska/gustona-hrasek-v-mirne-slanem-nalevu-itemid-64ca0b7cba162577de488077",
      "image_url": "https://imageproxy.wolt.com/menu/menu-images/63ad795db242366d1f818f36/a618a448-0608-11ef-b2d1-46862d9835e8_26365695.jpg",
      "categories": [
        "TRVANLIVÉ",
        "KONZERVOVANÉ POTR."
      ],
      "prices": [
        {
          "store_name": "Albert",
          "price": 22.9,
          "original_price": null,
          "unit_price": 86.42,
          "unit": "Kg",
          "package_size": "265 g",
          "condition": null
        }
      ],
      "description": null
    },
    {
      "name": "Mlékárna Kunín Termix MAXI s příchutí vanilky",
      "brand": "Mlékárna Kunín",
      "product_url": "https://wolt.com/cs/cze/prague/venue/albert-vinohradska/mlekarna-kunin-termix-maxi-s-prichuti-vanilky-itemid-64ca0b7cba162577de48920b",
      "image_url": "https://imageproxy.wolt.com/menu/menu-images/64ffec4406cca0140dfab831/937a90f2-8ec7-11ee-b4af-9a1f6ae41663_27666104.jpg",
      "categories": [
        "MLÉČNÉ A CHLAZENÉ",
        "JOGURTY A DEZERTY"
      ],
      "prices": [
        {
          "store_name": "Albert",
          "price": 20.9,
          "original_price": null,
          "unit_price": 160.77,
          "unit": "Kg",
          "package_size": "130 g",
          "condition": null
        }
      ],
      "description": null
    },
    {
      "name": "Vitali Odlakovač na nehty s vitamínem A",
      "brand": "Vitali",
      "product_url": "https://wolt.com/cs/cze/prague/venue/albert-vinohradska/vitali-odlakovac-na-nehty-s-vitaminem-a-itemid-6601f4eb0dfc12191065d52a",
      "image_url": "https://imageproxy.wolt.com/menu/menu-images/6601c613e48d1c8d95333085/42ed3c62-eae2-11ee-81b1-0279839fcf9e_22794895.jpg",
      "categories": [
        "DROGERIE A KOSMETIKA",
        "PÉČE O TĚLO"
      ],
      "prices": [
        {
          "store_name": "Albert",
          "price": 45.9,
          "original_price": null,
          "unit_price": 459.0,
          "unit": "l",
          "package_size": "100 ml",
          "condition": null
        }
      ],
      "description": null
    },
    {
      "name": "Albert Eidam 45% plátky",
      "brand": "Albert",
      "product_url": "https://wolt.com/cs/cze/prague/venue/albert-vinohradska/albert-eidam-45-platky-itemid-64ca0b7cba162577de4892b5",
      "image_url": "https://imageproxy.wolt.com/menu/menu-images/64ffec4406cca0140dfab831/c883b314-8ebd-11ee-badb-5eb9bb96d91f_26965925.jpg",
      "categories": [
        "MLÉČNÉ A CHLAZENÉ",
        "SÝRY"
      ],
      "prices": [
        {
          "store_name": "Albert",
          "price": 45.9,
          "original_price": null,
          "unit_price": 229.5,
          "unit": "Kg",
          "package_size": "200 g",
          "condition": null
        }
      ],
      "description": null
    },
    {
      "name": "Mattoni Pomeranč perlivá",
      "brand": "Mattoni",
      "product_url": "https://wolt.com/cs/cze/prague/venue/albert-vinohradska/mattoni-pomeranc-perliva-itemid-657233256818b938df948716",
      "image_url": "https://imageproxy.wolt.com/menu/menu-images/64ffec4406cca0140dfab831/394899d6-8eb2-11ee-8cef-96b10ce163de_24681520.jpg",
      "categories": [
        "NÁPOJE",
        "VODY A MINERÁLKY"
      ],
      "prices": [
        {
          "store_name": "Albert",
          "price": 19.9,
          "original_price": null,
          "unit_price": 26.53,
          "unit": "l",
          "package_size": "750 ml",
          "condition": null
        }
      ],
      "description": null
    },
    {
      "name": "HiPP Babysanft Pleťový olej",
      "brand": "HiPP",
      "product_url": "https://wolt.com/cs/cze/prague/venue/albert-vinohradska/hipp-babysanft-pletovy-olej-itemid-64ca0b7cba162577de489c68",
      "image_url": "https://imageproxy.wolt.com/menu/menu-images/64ffec4406cca0140dfab831/81121856-8eb1-11ee-921c-224a9e8cb6c6_24402132.jpg",
      "categories": [
        "DÍTĚ",
        "DĚTSKÁ KOSMETIKA"
      ],
      "prices": [
        {
          "store_name": "Albert",
          "price": 119.9,
          "original_price": null,
          "unit_price": 599.5,
          "unit": "l",
          "package_size": "200 ml",
          "condition": null
        }
      ],
      "description": null
    },
    {
      "name": "Clearwater Cove Sauvignon Blanc",
      "brand": "Clearwater",
      "product_url": "https://wolt.com/cs/cze/prague/venue/albert-vinohradska/clearwater-cove-sauvignon-blanc-itemid-64ca0b7cba162577de48a42c",
      "image_url": "https://imageproxy.wolt.com/menu/menu-images/64ffec4406cca0140dfab831/524d5940-8ec0-11ee-8cb5-c60fee242f1d_27167892.jpg",
      "categories": [
        "NÁPOJE",
        "VÍNA"
      ],
      "prices": [
        {
          "store_name": "Albert",
          "price": 199.0,
          "original_price": null,
          "unit_price": 265.33,
          "unit": "l",
          "package_size": "750 ml, 12,5% alc",
          "condition": "18+"
        }
      ],
      "description": null
    },
    {
      "name": "Caribia Ginger Zázvorová limonáda",
      "brand": "Caribia",
      "product_url": "https://wolt.com/cs/cze/prague/venue/albert-vinohradska/caribia-ginger-zazvorova-limonada-itemid-657233256818b938df947d1c",
      "image_url": "https://imageproxy.wolt.com/menu/menu-images/64ffec4406cca0140dfab831/18c34492-8eba-11ee-b9d7-96ff514b0205_26564036.jpg",
      "categories": [
        "NÁPOJE",
        "LIMONÁDY"
      ],
      "prices": [
        {
          "store_name": "Albert",
          "price": 32.9,
          "original_price": null,
          "unit_price": 99.7,
          "unit": "l",
          "package_size": "330 ml",
          "condition": "Vyprodáno"
        }
      ],
      "description": null
    },
    {
      "name": "Bonavita Sójové kostky",
      "brand": "Bonavita",
      "product_url": "https://wolt.com/cs/cze/prague/venue/albert-vinohradska/bonavita-sojove-kostky-itemid-64ca0b7cba162577de488d9d",
      "image_url": "https://imageproxy.wolt.com/menu/menu-images/64ffec4406cca0140dfab831/8d3401ee-8eac-11ee-911b-faa0c7b9848f_20313364.jpg",
      "categories": [
        "TRVANLIVÉ",
        "RÝŽE A LUŠTENINY"
      ],
      "prices": [
        {
          "store_name": "Albert",
          "price": 28.9,
          "original_price": null,
          "unit_price": 289.0,
          "unit": "Kg",
          "package_size": "100 g",
          "condition": null
        }
      ],
      "description": null
    },
    {
      "name": "Albert Jogurt smetanový stracciatella",
      "brand": "Albert",
      "product_url": "https://wolt.com/cs/cze/prague/venue/albert-vinohradska/albert-jogurt-smetanovy-stracciatella-itemid-64ca0b7cba162577de488353",
      "image_url": "https://imageproxy.wolt.com/menu/menu-images/64ffec4406cca0140dfab831/8ec9d2ce-8eb4-11ee-91dc-b6077702759d_25348453.jpg",
      "categories": [
        "MLÉČNÉ A CHLAZENÉ",
        "JOGURTY A DEZERTY"
      ],
      "prices": [
        {
          "store_name": "Albert",
          "price": 12.9,
          "original_price": null,
          "unit_price": 86.0,
          "unit": "Kg",
          "package_size": "150 g",
          "condition": null
        }
      ],
      "description": null
    },
    {
      "name": "Nature's Promise Bio Rýžové chlebíčky hořké",
      "brand": "Nature's Promise",
      "product_url": "https://wolt.com/cs/cze/prague/venue/albert-vinohradska/nature-s-promise-bio-ryzove-chlebicky-horke-itemid-64ca0b7cba162577de488d8d",
      "image_url": "https://imageproxy.wolt.com/menu/menu-images/64ffec4406cca0140dfab831/70a312c8-8ec4-11ee-88ae-8a641e6c096e_27474396.jpg",
      "categories": [
        "PEKÁRNA A CUKRÁRNA",
        "RACIO A KNÄCKEBROT"
      ],
      "prices": [
        {
          "store_name": "Albert",
          "price": 39.9,
          "original_price": null,
          "unit_price": 399.0,
          "unit": "Kg",
          "package_size": "100 g",
          "condition": null
        }
      ],
      "description": null
    },
    {
      "name": "World´s Market Olivy zelené bez pecek",
      "brand": "World´s Market",
      "product_url": "https://wolt.com/cs/cze/prague/venue/albert-vinohradska/worlds-market-olivy-zelene-bez-pecek-itemid-64ca0b7cba162577de488663",
      "image_url": "https://imageproxy.wolt.com/menu/menu-images/63ad795db242366d1f818f36/91ab67b6-aef6-11ee-87b2-1614a4832b06_24805223.jpg",
      "categories": [
        "TRVANLIVÉ",
        "KONZERVOVANÉ POTR."
      ],
      "prices": [
        {
          "store_name": "Albert",
          "price": 34.9,
          "original_price": null,
          "unit_price": 306.14,
          "unit": "Kg",
          "package_size": "114 g",
          "condition": null
        }
      ],
      "description": null
    },
    {
      "name": "Perla s příchutí farmářského másla",
      "brand": "Perla",
      "product_url": "https://wolt.com/cs/cze/prague/venue/albert-vinohradska/perla-s-prichuti-farmarskeho-masla-itemid-64ca0b7cba162577de488c07",
      "image_url": "https://imageproxy.wolt.com/menu/menu-images/64ffec4406cca0140dfab831/b8edf374-8ec7-11ee-bd55-fe512f326f5c_27673652.jpg",
      "categories": [
        "MLÉČNÉ A CHLAZENÉ",
        "MÁSLO A TUKY"
      ],
      "prices": [
        {
          "store_name": "Albert",
          "price": 54.9,
          "original_price": null,
          "unit_price": 122.0,
          "unit": "Kg",
          "package_size": "450 g",
          "condition": null
        }
      ],
      "description": null
    },
    {
      "name": "Relax jablko a jahoda",
      "brand": "Relax",
      "product_url": "https://wolt.com/cs/cze/prague/venue/albert-vinohradska/relax-jablko-a-jahoda-itemid-64ca0b7cba162577de4895b2",
      "image_url": "https://imageproxy.wolt.com/menu/menu-images/63ad795db242366d1f818f36/8ae5414a-aef6-11ee-96ed-5e8e4c0e211c_22909923.jpg",
      "categories": [
        "NÁPOJE",
        "DŽUSY A NEKTARY"
      ],
      "prices": [
        {
          "store_name": "Albert",
          "price": 29.9,
          "original_price": null,
          "unit_price": 29.9,
          "unit": "l",
          "package_size": "1 l",
          "condition": null
        }
      ],
      "description": null
    },
    {
      "name": "Eduscho Espresso Intenso zrnková káva",
      "brand": "Eduscho",
      "product_url": "https://wolt.com/cs/cze/prague/venue/albert-vinohradska/eduscho-espresso-intenso-zrnkova-kava-itemid-657233256818b938df948537",
      "image_url": "https://imageproxy.wolt.com/menu/menu-images/64ffec4406cca0140dfab831/a6a82466-8eca-11ee-8a58-de55a5c8e569_27784976.jpg",
      "categories": [
        "NÁPOJE",
        "KÁVA A ČAJ"
      ],
      "prices": [
        {
          "store_name": "Albert",
          "price": 599.0,
          "original_price": null,
          "unit_price": 599.0,
          "unit": "Kg",
          "package_size": "1 kg",
          "condition": null
        }
      ],
      "description": null
    },
    {
      "name": "Tchibo Barista Espresso zrnková káva",
      "brand": "Tchibo",
      "product_url": "https://wolt.com/cs/cze/prague/venue/albert-vinohradska/tchibo-barista-espresso-zrnkova-kava-itemid-64ca0b7cba162577de488945",
      "image_url": "https://imageproxy.wolt.com/menu/menu-images/63ad795db242366d1f818f36/1a6f35ca-a8ea-11f0-b557-d654e18a7854_26809946.jpg",
      "categories": [
        "NÁPOJE",
        "KÁVA A ČAJ"
      ],
      "prices": [
        {
          "store_name": "Albert",
          "price": 799.0,
          "original_price": null,
          "unit_price": 799.0,
          "unit": "Kg",
          "package_size": "1 kg",
          "condition": null
        }
      ],
      "description": null
    },
    {
      "name": "Mattoni Minerální voda jemně perlivá",
      "brand": "Mattoni",
      "product_url": "https://wolt.com/cs/cze/prague/venue/albert-vinohradska/mattoni-mineralni-voda-jemne-perliva-itemid-64ca0b7cba162577de488341",
      "image_url": "https://imageproxy.wolt.com/menu/menu-images/64ffec4406cca0140dfab831/e1fe8066-8eaf-11ee-86a2-3e53a922e9b0_23568211.jpg",
      "categories": [
        "NÁPOJE",
        "VODY A MINERÁLKY"
      ],
      "prices": [
        {
          "store_name": "Albert",
          "price": 16.9,
          "original_price": null,
          "unit_price": 11.27,
          "unit": "l",
          "package_size": "1,5 l",
          "condition": null
        }
      ],
      "description": null
    },
    {
      "name": "Linteo Papírové kapesníky box",
      "brand": "Linteo",
      "product_url": "https://wolt.com/cs/cze/prague/venue/albert-vinohradska/linteo-papirove-kapesniky-box-itemid-64ca0b7cba162577de48958d",
      "image_url": "https://imageproxy.wolt.com/menu/menu-images/64ffec4406cca0140dfab831/25351f92-8ebb-11ee-a405-e2efa80c37b6_26747309.jpg",
      "categories": [
        "DROGERIE A KOSMETIKA",
        "PAPÍROVÁ HYGIENA"
      ],
      "prices": [
        {
          "store_name": "Albert",
          "price": 49.9,
          "original_price": null,
          "unit_price": 0.33,
          "unit": "ks",
          "package_size": "‪150‬ kusů",
          "condition": null
        }
      ],
      "description": null
    },
    {
      "name": "Albert Tymián řezaný vanička",
      "brand": "Albert",
      "product_url": "https://wolt.com/cs/cze/prague/venue/albert-vinohradska/albert-tymian-rezany-vanicka-itemid-657233256818b938df9479ab",
      "image_url": "https://imageproxy.wolt.com/menu/menu-images/64ffec4406cca0140dfab831/63aa4e88-8eb0-11ee-bbf3-325d7328b531_23756496.jpg",
      "categories": [
        "OVOCE A ZELENINA",
        "BYLINKY A KOŘENÍ"
      ],
      "prices": [
        {
          "store_name": "Albert",
          "price": 34.9,
          "original_price": null,
          "unit_price": 1745.0,
          "unit": "Kg",
          "package_size": "20 g",
          "condition": null
        }
      ],
      "description": null
    },
    {
      "name": "Franz Josef Kaiser Olivy ve slaném nálevu",
      "brand": "Franz Josef Kaiser",
      "product_url": "https://wolt.com/cs/cze/prague/venue/albert-vinohradska/franz-josef-kaiser-olivy-ve-slanem-nalevu-itemid-64ca0b7cba162577de48a210",
      "image_url": "https://imageproxy.wolt.com/menu/menu-images/63ad795db242366d1f818f36/e70c90ce-f8ef-11ef-9ed6-ea96945dd9ad_26637617.jpg",
      "categories": [
        "TRVANLIVÉ",
        "KONZERVOVANÉ POTR."
      ],
      "prices": [
        {
          "store_name": "Albert",
          "price": 54.9,
          "original_price": null,
          "unit_price": 422.31,
          "unit": "Kg",
          "package_size": "130 g",
          "condition": null
        }
      ],
      "description": null
    },
    {
      "name": "Česká chuť Brambůrky paprikové",
      "brand": "Česká chuť",
      "product_url": "https://wolt.com/cs/cze/prague/venue/albert-vinohradska/ceska-chut-bramburky-paprikove-itemid-64ca0b7cba162577de4895f5",
      "image_url": "https://imageproxy.wolt.com/menu/menu-images/64ffec4406cca0140dfab831/ac9f3f8e-8ebc-11ee-8ee4-362f93bf1d5e_26857268.jpg",
      "categories": [
        "TRVANLIVÉ",
        "SLANÉ"
      ],
      "prices": [
        {
          "store_name": "Albert",
          "price": 38.9,
          "original_price": null,
          "unit_price": 259.33,
          "unit": "Kg",
          "package_size": "150 g",
          "condition": null
        }
      ],
      "description": null
    },
    {
      "name": "Albert Čočka červená",
      "brand": "Albert",
      "product_url": "https://wolt.com/cs/cze/prague/venue/albert-vinohradska/albert-cocka-cervena-itemid-660216a4926c402ccceb12c7",
      "image_url": "https://imageproxy.wolt.com/menu/menu-images/6601c613e48d1c8d95333085/c00a8956-eae3-11ee-befa-4aedea41cff8_27219515.jpg",
      "categories": [
        "TRVANLIVÉ",
        "RÝŽE A LUŠTENINY"
      ],
      "prices": [
        {
          "store_name": "Albert",
          "price": 33.9,
          "original_price": null,
          "unit_price": 67.8,
          "unit": "Kg",
          "package_size": "500 g",
          "condition": null
        }
      ],
      "description": null
    },
    {
      "name": "Nestea Zelený čaj jahoda & aloe",
      "brand": "Nestea",
      "product_url": "https://wolt.com/cs/cze/prague/venue/albert-vinohradska/nestea-zeleny-caj-jahoda-aloe-itemid-64ca0b7cba162577de48968a",
      "image_url": "https://imageproxy.wolt.com/menu/menu-images/64ffec4406cca0140dfab831/34bb7216-8ec2-11ee-9afa-6249ed284aa4_27287071.jpg",
      "categories": [
        "NÁPOJE",
        "LIMONÁDY"
      ],
      "prices": [
        {
          "store_name": "Albert",
          "price": 41.9,
          "original_price": null,
          "unit_price": 27.93,
          "unit": "l",
          "package_size": "1,5 l",
          "condition": null
        }
      ],
      "description": null
    },
    {
      "name": "Nutrend Carnitine Caffeine malina",
      "brand": "Nutrend",
      "product_url": "https://wolt.com/cs/cze/prague/venue/albert-vinohradska/nutrend-carnitine-caffeine-malina-itemid-657233256818b938df948194",
      "image_url": "https://imageproxy.wolt.com/menu/menu-images/63ad795db242366d1f818f36/b707882e-b931-11ee-aaef-7e5fe0749233_27712979.jpg",
      "categories": [
        "TRVANLIVÉ",
        "SPECIÁLNÍ"
      ],
      "prices": [
        {
          "store_name": "Albert",
          "price": 49.9,
          "original_price": null,
          "unit_price": 66.53,
          "unit": "l",
          "package_size": "750 ml",
          "condition": "Vyprodáno"
        }
      ],
      "description": null
    },
    {
      "name": "Mlékárna Kunín Pohár s borůvkovou příchut",
      "brand": "Mlékárna Kunín",
      "product_url": "https://wolt.com/cs/cze/prague/venue/albert-vinohradska/mlekarna-kunin-pohar-s-boruvkovou-prichut-itemid-657233256818b938df948b55",
      "image_url": "https://imageproxy.wolt.com/menu/menu-images/64ffec4406cca0140dfab831/c970fba0-8ec3-11ee-9335-3a9a41c1cb36_27424780.jpg",
      "categories": [
        "MLÉČNÉ A CHLAZENÉ",
        "JOGURTY A DEZERTY"
      ],
      "prices": [
        {
          "store_name": "Albert",
          "price": 20.9,
          "original_price": null,
          "unit_price": 139.33,
          "unit": "Kg",
          "package_size": "150 g",
          "condition": null
        }
      ],
      "description": null
    },
    {
      "name": "Nature's Promise Bio Tofu natural",
      "brand": "Nature's Promise",
      "product_url": "https://wolt.com/cs/cze/prague/venue/albert-vinohradska/nature-s-promise-bio-tofu-natural-itemid-64ca0b7cba162577de489933",
      "image_url": "https://imageproxy.wolt.com/menu/menu-images/64ffec4406cca0140dfab831/f6d58dea-8ec3-11ee-bd75-f29ca2c99672_27434673.jpg",
      "categories": [
        "MLÉČNÉ A CHLAZENÉ",
        "ROSTLINNÉ PRODUKTY"
      ],
      "prices": [
        {
          "store_name": "Albert",
          "price": null,
          "original_price": null,
          "unit_price": null,
          "unit": null,
          "package_size": null,
          "condition": "Sleva, Vyprodáno"
        }
      ],
      "description": null
    },
    {
      "name": "Alpro Sójový dezert s příchutí hořké čokolády",
      "brand": "Alpro",
      "product_url": "https://wolt.com/cs/cze/prague/venue/albert-vinohradska/alpro-sojovy-dezert-s-prichuti-horke-cokolady-itemid-64ca0b7cba162577de4896be",
      "image_url": "https://imageproxy.wolt.com/menu/menu-images/64ffec4406cca0140dfab831/fc9b003a-8eb3-11ee-b66d-224a9e8cb6c6_25222357.jpg",
      "categories": [
        "MLÉČNÉ A CHLAZENÉ",
        "ROSTLINNÉ PRODUKTY"
      ],
      "prices": [
        {
          "store_name": "Albert",
          "price": null,
          "original_price": null,
          "unit_price": 159.2,
          "unit": "Kg",
          "package_size": "125 g",
          "condition": "Sleva"
        }
      ],
      "description": null
    },
    {
      "name": "Sunar Do ručičky ovocná kapsička borůvka 4m+",
      "brand": "Sunar",
      "product_url": "https://wolt.com/cs/cze/prague/venue/albert-vinohradska/sunar-do-rucicky-ovocna-kapsicka-boruvka-4m-itemid-64ca0b7cba162577de48a132",
      "image_url": "https://imageproxy.wolt.com/menu/menu-images/64ffec4406cca0140dfab831/8e945176-8ebe-11ee-aacb-c60fee242f1d_27035771.jpg",
      "categories": [
        "DÍTĚ",
        "VÝŽIVA"
      ],
      "prices": [
        {
          "store_name": "Albert",
          "price": 21.9,
          "original_price": null,
          "unit_price": 219.0,
          "unit": "Kg",
          "package_size": "100 g",
          "condition": null
        }
      ],
      "description": null
    },
    {
      "name": "Marlenka Medový dort s vlašskými ořechy",
      "brand": "Marlenka",
      "product_url": "https://wolt.com/cs/cze/prague/venue/albert-vinohradska/marlenka-medovy-dort-s-vlasskymi-orechy-itemid-64ca0b7cba162577de4899a6",
      "image_url": "https://imageproxy.wolt.com/menu/menu-images/63ad795db242366d1f818f36/8d0e4cb8-bbe4-11ef-8d9e-d6eb47ff585d_24225472.jpg",
      "categories": [
        "PEKÁRNA A CUKRÁRNA",
        "SLADKÉ PEČIVO BALENÉ"
      ],
      "prices": [
        {
          "store_name": "Albert",
          "price": 299.0,
          "original_price": null,
          "unit_price": 373.75,
          "unit": "Kg",
          "package_size": "800 g",
          "condition": null
        }
      ],
      "description": null
    },
    {
      "name": "Knorr Hotová jíška tmavá",
      "brand": "Knorr",
      "product_url": "https://wolt.com/cs/cze/prague/venue/albert-vinohradska/knorr-hotova-jiska-tmava-itemid-64ca0b7cba162577de4885c3",
      "image_url": "https://imageproxy.wolt.com/menu/menu-images/63ad795db242366d1f818f36/589c7e86-8e26-11f0-838e-1a9424a0bb23_21783883.jpg",
      "categories": [
        "TRVANLIVÉ",
        "PEČENÍ A VAŘENÍ"
      ],
      "prices": [
        {
          "store_name": "Albert",
          "price": 34.9,
          "original_price": null,
          "unit_price": 139.6,
          "unit": "Kg",
          "package_size": "250 g",
          "condition": null
        }
      ],
      "description": null
    },
    {
      "name": "eMVe Vitamin C",
      "brand": null,
      "product_url": "https://wolt.com/cs/cze/prague/venue/albert-vinohradska/emve-vitamin-c-itemid-64ca0b7cba162577de48925f",
      "image_url": "https://imageproxy.wolt.com/menu/menu-images/64ffec4406cca0140dfab831/02995200-8ebb-11ee-a8d5-1e9e4c6f0bda_26725802.jpg",
      "categories": [
        "DROGERIE A KOSMETIKA",
        "ZDRAVÍ"
      ],
      "prices": [
        {
          "store_name": "Albert",
          "price": null,
          "original_price": null,
          "unit_price": 0.99,
          "unit": "ks",
          "package_size": "‪15‬ kusů",
          "condition": "Sleva"
        }
      ],
      "description": null
    },
    {
      "name": "Gustona Nudlová polévka kuřecí příchuť",
      "brand": "Gustona",
      "product_url": "https://wolt.com/cs/cze/prague/venue/albert-vinohradska/gustona-nudlova-polevka-kureci-prichut-itemid-64ca0b7cba162577de488785",
      "image_url": "https://imageproxy.wolt.com/menu/menu-images/63ad795db242366d1f818f36/2f768a30-7826-11f0-8459-92e21b2959a5_26119472.jpg",
      "categories": [
        "TRVANLIVÉ",
        "INSTANTNÍ POKRMY"
      ],
      "prices": [
        {
          "store_name": "Albert",
          "price": 11.9,
          "original_price": null,
          "unit_price": 198.33,
          "unit": "Kg",
          "package_size": "60 g",
          "condition": null
        }
      ],
      "description": null
    },
    {
      "name": "Aquila Tea citron zelený čaj",
      "brand": "Aquila",
      "product_url": "https://wolt.com/cs/cze/prague/venue/albert-vinohradska/aquila-tea-citron-zeleny-caj-itemid-657233256818b938df948b5a",
      "image_url": "https://imageproxy.wolt.com/menu/menu-images/64ffec4406cca0140dfab831/72e13a10-8eb0-11ee-83af-2a789dffa3ae_23819016.jpg",
      "categories": [
        "NÁPOJE",
        "LIMONÁDY"
      ],
      "prices": [
        {
          "store_name": "Albert",
          "price": 34.9,
          "original_price": null,
          "unit_price": 23.27,
          "unit": "l",
          "package_size": "1,5 l",
          "condition": null
        }
      ],
      "description": null
    },
    {
      "name": "Čekankový originál",
      "brand": "Čekankový",
      "product_url": "https://wolt.com/cs/cze/prague/venue/albert-vinohradska/cekankovy-original-itemid-64ca0b7cba162577de488cfb",
      "image_url": "https://imageproxy.wolt.com/menu/menu-images/64ffec4406cca0140dfab831/ecf1813c-8ec1-11ee-b19a-222205837f4e_27267059.jpg",
      "categories": [
        "TRVANLIVÉ",
        "PEČENÍ A VAŘENÍ"
      ],
      "prices": [
        {
          "store_name": "Albert",
          "price": 137.9,
          "original_price": null,
          "unit_price": 394.0,
          "unit": "Kg",
          "package_size": "350 g",
          "condition": null
        }
      ],
      "description": null
    },
    {
      "name": "Milka Mléčná čokoláda s jogurtem",
      "brand": "Milka",
      "product_url": "https://wolt.com/cs/cze/prague/venue/albert-vinohradska/milka-mlecna-cokolada-s-jogurtem-itemid-657233256818b938df9478d6",
      "image_url": "https://imageproxy.wolt.com/menu/menu-images/64ffec4406cca0140dfab831/ac123cb6-8eac-11ee-997e-a2125de7b4cb_20318505.jpg",
      "categories": [
        "TRVANLIVÉ",
        "SLADKOSTI"
      ],
      "prices": [
        {
          "store_name": "Albert",
          "price": null,
          "original_price": null,
          "unit_price": 299.0,
          "unit": "Kg",
          "package_size": "100 g",
          "condition": "Sleva"
        }
      ],
      "description": null
    },
    {
      "name": "Vitana Pyramidky svařené víno",
      "brand": "Vitana",
      "product_url": "https://wolt.com/cs/cze/prague/venue/albert-vinohradska/vitana-pyramidky-svarene-vino-itemid-657233256818b938df947d90",
      "image_url": "https://imageproxy.wolt.com/menu/menu-images/64ffec4406cca0140dfab831/83cb707a-8eb5-11ee-b890-2e3db4b64128_25573718.jpg",
      "categories": [
        "TRVANLIVÉ",
        "KOŘENÍ A OCHUCOVADLA"
      ],
      "prices": [
        {
          "store_name": "Albert",
          "price": 27.9,
          "original_price": null,
          "unit_price": 1395.0,
          "unit": "Kg",
          "package_size": "20 g",
          "condition": null
        }
      ],
      "description": null
    },
    {
      "name": "Mattoni Broskev perlivá",
      "brand": "Mattoni",
      "product_url": "https://wolt.com/cs/cze/prague/venue/albert-vinohradska/mattoni-broskev-perliva-itemid-657233256818b938df947bc3",
      "image_url": "https://imageproxy.wolt.com/menu/menu-images/63ad795db242366d1f818f36/de1dad12-7825-11f0-b503-3af5a556beee_22105783.jpg",
      "categories": [
        "NÁPOJE",
        "VODY A MINERÁLKY"
      ],
      "prices": [
        {
          "store_name": "Albert",
          "price": 14.9,
          "original_price": null,
          "unit_price": 9.93,
          "unit": "l",
          "package_size": "1,5 l",
          "condition": null
        }
      ],
      "description": null
    },
    {
      "name": "Fa Fresh Dry Antiperspirant sprej",
      "brand": "Fa",
      "product_url": "https://wolt.com/cs/cze/prague/venue/albert-vinohradska/fa-fresh-dry-antiperspirant-sprej-itemid-6601ee5770bd9a168cf8d0da",
      "image_url": "https://imageproxy.wolt.com/menu/menu-images/6601c613e48d1c8d95333085/0ca970a2-eae3-11ee-8fa9-4edc7219f866_26341040.jpg",
      "categories": [
        "DROGERIE A KOSMETIKA",
        "DEODORANTY"
      ],
      "prices": [
        {
          "store_name": "Albert",
          "price": 69.9,
          "original_price": null,
          "unit_price": 466.0,
          "unit": "l",
          "package_size": "150 ml",
          "condition": null
        }
      ],
      "description": null
    },
    {
      "name": "Perla Origins Brazil mletá káva",
      "brand": "Perla",
      "product_url": "https://wolt.com/cs/cze/prague/venue/albert-vinohradska/perla-origins-brazil-mleta-kava-itemid-64ca0b7cba162577de4892e1",
      "image_url": "https://imageproxy.wolt.com/menu/menu-images/63ad795db242366d1f818f36/695f5ba4-4e4d-11ef-a8e9-062137344515_27257548.jpg",
      "categories": [
        "NÁPOJE",
        "KÁVA A ČAJ"
      ],
      "prices": [
        {
          "store_name": "Albert",
          "price": 149.9,
          "original_price": null,
          "unit_price": 599.6,
          "unit": "Kg",
          "package_size": "250 g",
          "condition": "Vyprodáno"
        }
      ],
      "description": null
    },
    {
      "name": "Tatra Light Zahuštěné mléko neslazené",
      "brand": "Tatra",
      "product_url": "https://wolt.com/cs/cze/prague/venue/albert-vinohradska/tatra-light-zahustene-mleko-neslazene-itemid-64ca0b7cba162577de489812",
      "image_url": "https://imageproxy.wolt.com/menu/menu-images/64ffec4406cca0140dfab831/5bdc958c-8eae-11ee-88a3-ca6029740ad7_22221360.jpg",
      "categories": [
        "MLÉČNÉ A CHLAZENÉ",
        "MLÉČNÉ NÁPOJE"
      ],
      "prices": [
        {
          "store_name": "Albert",
          "price": 36.9,
          "original_price": null,
          "unit_price": 108.53,
          "unit": "Kg",
          "package_size": "340 g",
          "condition": null
        }
      ],
      "description": null
    },
    {
      "name": "Harvest Moon dezert čokoláda",
      "brand": "Harvest",
      "product_url": "https://wolt.com/cs/cze/prague/venue/albert-vinohradska/harvest-moon-dezert-cokolada-itemid-64ca0b7cba162577de48970b",
      "image_url": "https://imageproxy.wolt.com/menu/menu-images/64ffec4406cca0140dfab831/0af8236a-8ebe-11ee-81ee-36c5709726f2_26984452.jpg",
      "categories": [
        "MLÉČNÉ A CHLAZENÉ",
        "ROSTLINNÉ PRODUKTY"
      ],
      "prices": [
        {
          "store_name": "Albert",
          "price": 36.9,
          "original_price": null,
          "unit_price": 295.2,
          "unit": "Kg",
          "package_size": "125 g",
          "condition": "Vyprodáno"
        }
      ],
      "description": null
    },
    {
      "name": "Kinder Joy s překvapením",
      "brand": "Kinder",
      "product_url": "https://wolt.com/cs/cze/prague/venue/albert-vinohradska/kinder-joy-s-prekvapenim-itemid-64ca0b7cba162577de488939",
      "image_url": "https://imageproxy.wolt.com/menu/menu-images/64ffec4406cca0140dfab831/eabc819a-8eae-11ee-84fb-6acfb8ed3f7f_22906106.jpg",
      "categories": [
        "TRVANLIVÉ",
        "SLADKOSTI"
      ],
      "prices": [
        {
          "store_name": "Albert",
          "price": 42.9,
          "original_price": null,
          "unit_price": 2145.0,
          "unit": "Kg",
          "package_size": "20 g",
          "condition": "Vyprodáno"
        }
      ],
      "description": null
    },
    {
      "name": "Albert Čerstvá šťáva pomeranč s dužinou",
      "brand": "Albert",
      "product_url": "https://wolt.com/cs/cze/prague/venue/albert-vinohradska/albert-cerstva-stava-pomeranc-s-duzinou-itemid-64ca0b7cba162577de488757",
      "image_url": "https://imageproxy.wolt.com/menu/menu-images/64ffec4406cca0140dfab831/c707ce3c-8ec0-11ee-8a37-fe512f326f5c_27195109.jpg",
      "categories": [
        "NÁPOJE",
        "DŽUSY A NEKTARY"
      ],
      "prices": [
        {
          "store_name": "Albert",
          "price": 84.9,
          "original_price": null,
          "unit_price": 113.2,
          "unit": "l",
          "package_size": "750 ml",
          "condition": null
        }
      ],
      "description": null
    },
    {
      "name": "Gustona Vlasové nudle bezvaječné těstoviny",
      "brand": "Gustona",
      "product_url": "https://wolt.com/cs/cze/prague/venue/albert-vinohradska/gustona-vlasove-nudle-bezvajecne-testoviny-itemid-64ca0b7cba162577de4890f9",
      "image_url": "https://imageproxy.wolt.com/menu/menu-images/63ad795db242366d1f818f36/f973f616-7825-11f0-b6f4-f2fa7a2cce89_23320758.jpg",
      "categories": [
        "TRVANLIVÉ",
        "TĚSTOVINY A KUSKUS"
      ],
      "prices": [
        {
          "store_name": "Albert",
          "price": 12.9,
          "original_price": null,
          "unit_price": 32.25,
          "unit": "Kg",
          "package_size": "400 g",
          "condition": null
        }
      ],
      "description": null
    },
    {
      "name": "Garden Gourmet Veggie řízek",
      "brand": "Garden Gourmet",
      "product_url": "https://wolt.com/cs/cze/prague/venue/albert-vinohradska/garden-gourmet-veggie-rizek-itemid-657233256818b938df948abc",
      "image_url": "https://imageproxy.wolt.com/menu/menu-images/63ad795db242366d1f818f36/2afd693c-bbe4-11ef-a75d-a67074120a55_27334379.jpg",
      "categories": [
        "UZENINY A LAHŮDKY",
        "HOTOVKY A PŘÍLOHY"
      ],
      "prices": [
        {
          "store_name": "Albert",
          "price": 69.9,
          "original_price": null,
          "unit_price": 388.33,
          "unit": "Kg",
          "package_size": "180 g",
          "condition": null
        }
      ],
      "description": null
    },
    {
      "name": "Český med květový pastovaný",
      "brand": "Český",
      "product_url": "https://wolt.com/cs/cze/prague/venue/albert-vinohradska/cesky-med-kvetovy-pastovany-itemid-657233256818b938df9483f0",
      "image_url": "https://imageproxy.wolt.com/menu/menu-images/64ffec4406cca0140dfab831/39159cca-8ecb-11ee-ab4a-8a2356a84f6b_27797785.jpg",
      "categories": [
        "TRVANLIVÉ",
        "MEDY A SL. POMAZÁNKY"
      ],
      "prices": [
        {
          "store_name": "Albert",
          "price": 199.0,
          "original_price": null,
          "unit_price": 221.11,
          "unit": "Kg",
          "package_size": "900 g",
          "condition": null
        }
      ],
      "description": null
    },
    {
      "name": "Purina DentaLife Pro malá plemena psů",
      "brand": "Purina",
      "product_url": "https://wolt.com/cs/cze/prague/venue/albert-vinohradska/purina-dentalife-pro-mala-plemena-psu-itemid-64ca0b7cba162577de48a0e3",
      "image_url": "https://imageproxy.wolt.com/menu/menu-images/64ffec4406cca0140dfab831/e5788250-8ebe-11ee-b322-c6a903a230aa_27078068.jpg",
      "categories": [
        "ZVÍŘATA",
        "PSI"
      ],
      "prices": [
        {
          "store_name": "Albert",
          "price": 54.9,
          "original_price": null,
          "unit_price": 477.39,
          "unit": "Kg",
          "package_size": "115 g",
          "condition": null
        }
      ],
      "description": null
    },
    {
      "name": "Vileda Actifibre Hadřík univerzální",
      "brand": "Vileda",
      "product_url": "https://wolt.com/cs/cze/prague/venue/albert-vinohradska/vileda-actifibre-hadrik-univerzalni-itemid-64ca0b7cba162577de48a19c",
      "image_url": "https://imageproxy.wolt.com/menu/menu-images/64ffec4406cca0140dfab831/5f6cfccc-8eb9-11ee-8214-5a7762fb688d_26413181.jpg",
      "categories": [
        "DOMÁCNOST A ZAHRADA",
        "ÚKLIDOVÉ POTŘEBY"
      ],
      "prices": [
        {
          "store_name": "Albert",
          "price": 71.9,
          "original_price": null,
          "unit_price": 71.9,
          "unit": "ks",
          "package_size": "‪1‬ kus",
          "condition": null
        }
      ],
      "description": null
    },
    {
      "name": "Herbarium Moravicum Rulandské bílé",
      "brand": "Herbarium",
      "product_url": "https://wolt.com/cs/cze/prague/venue/albert-vinohradska/herbarium-moravicum-rulandske-bile-itemid-657233256818b938df948633",
      "image_url": "https://imageproxy.wolt.com/menu/menu-images/64ffec4406cca0140dfab831/cba93dfa-8eb0-11ee-8286-fe2992cf6bd0_24011662.jpg",
      "categories": [
        "NÁPOJE",
        "VÍNA"
      ],
      "prices": [
        {
          "store_name": "Albert",
          "price": 179.0,
          "original_price": null,
          "unit_price": 238.67,
          "unit": "l",
          "package_size": "750 ml, 13,7% alc",
          "condition": "18+"
        }
      ],
      "description": null
    },
    {
      "name": "Dr.Oetker Zdobení tmavé",
      "brand": "Dr.Oetker",
      "product_url": "https://wolt.com/cs/cze/prague/venue/albert-vinohradska/dr-oetker-zdobeni-tmave-itemid-64ca0b7cba162577de489df5",
      "image_url": "https://imageproxy.wolt.com/menu/menu-images/63ad795db242366d1f818f36/f8a172f0-a8e9-11f0-83ee-12840a14f60a_23390645.jpg",
      "categories": [
        "TRVANLIVÉ",
        "PEČENÍ A VAŘENÍ"
      ],
      "prices": [
        {
          "store_name": "Albert",
          "price": 38.9,
          "original_price": null,
          "unit_price": 486.25,
          "unit": "Kg",
          "package_size": "80 g",
          "condition": null
        }
      ],
      "description": null
    },
    {
      "name": "Bystřická pomazánka",
      "brand": "Bystřická",
      "product_url": "https://wolt.com/cs/cze/prague/venue/albert-vinohradska/bystricka-pomazanka-itemid-64ca0b7cba162577de4881d5",
      "image_url": "https://imageproxy.wolt.com/menu/menu-images/64ffec4406cca0140dfab831/a89f41c2-8eb7-11ee-a0b1-4ac825cfc539_26018362.jpg",
      "categories": [
        "MLÉČNÉ A CHLAZENÉ",
        "MÁSLO A TUKY"
      ],
      "prices": [
        {
          "store_name": "Albert",
          "price": 31.9,
          "original_price": null,
          "unit_price": 159.5,
          "unit": "Kg",
          "package_size": "200 g",
          "condition": null
        }
      ],
      "description": null
    },
    {
      "name": "Vitana Hořčičné semínko",
      "brand": "Vitana",
      "product_url": "https://wolt.com/cs/cze/prague/venue/albert-vinohradska/vitana-horcicne-seminko-itemid-64ca0b7cba162577de489fb7",
      "image_url": "https://imageproxy.wolt.com/menu/menu-images/64ffec4406cca0140dfab831/c074126a-8ebb-11ee-b94e-9ec5d8563a7d_26799292.jpg",
      "categories": [
        "TRVANLIVÉ",
        "KOŘENÍ A OCHUCOVADLA"
      ],
      "prices": [
        {
          "store_name": "Albert",
          "price": 19.9,
          "original_price": null,
          "unit_price": 710.71,
          "unit": "Kg",
          "package_size": "28 g",
          "condition": null
        }
      ],
      "description": null
    },
    {
      "name": "Kitbis Tyčinka Havaj",
      "brand": "Kitbis",
      "product_url": "https://wolt.com/cs/cze/prague/venue/albert-vinohradska/kitbis-tycinka-havaj-itemid-64ca0b7cba162577de4890d6",
      "image_url": "https://imageproxy.wolt.com/menu/menu-images/63ad795db242366d1f818f36/3d389d5a-2c8e-11ef-b21d-7edb020c2e0e_24941563.jpg",
      "categories": [
        "TRVANLIVÉ",
        "SLADKOSTI"
      ],
      "prices": [
        {
          "store_name": "Albert",
          "price": null,
          "original_price": null,
          "unit_price": 119.0,
          "unit": "Kg",
          "package_size": "100 g",
          "condition": "Sleva"
        }
      ],
      "description": null
    },
    {
      "name": "Perla Intenza zrnková káva",
      "brand": "Perla",
      "product_url": "https://wolt.com/cs/cze/prague/venue/albert-vinohradska/perla-intenza-zrnkova-kava-itemid-64ca0b7cba162577de489713",
      "image_url": "https://imageproxy.wolt.com/menu/menu-images/64ffec4406cca0140dfab831/6c5a0e20-8ec3-11ee-b64c-eadfee8d92ce_27382332.jpg",
      "categories": [
        "NÁPOJE",
        "KÁVA A ČAJ"
      ],
      "prices": [
        {
          "store_name": "Albert",
          "price": 399.0,
          "original_price": null,
          "unit_price": 399.0,
          "unit": "Kg",
          "package_size": "1 kg",
          "condition": null
        }
      ],
      "description": null
    },
    {
      "name": "Lučina Pažitka",
      "brand": "Lučina",
      "product_url": "https://wolt.com/cs/cze/prague/venue/albert-vinohradska/lucina-pazitka-itemid-64ca0b7cba162577de48805b",
      "image_url": "https://imageproxy.wolt.com/menu/menu-images/63ad795db242366d1f818f36/10e8aa7c-25b4-11f0-9e96-7eaeb79d1975_23587342.jpg",
      "categories": [
        "MLÉČNÉ A CHLAZENÉ",
        "SÝRY"
      ],
      "prices": [
        {
          "store_name": "Albert",
          "price": 64.9,
          "original_price": null,
          "unit_price": 360.56,
          "unit": "Kg",
          "package_size": "180 g",
          "condition": null
        }
      ],
      "description": null
    },
    {
      "name": "World’s Market Spaghetti all'uovo",
      "brand": "World’s Market",
      "product_url": "https://wolt.com/cs/cze/prague/venue/albert-vinohradska/world-s-market-spaghetti-all-uovo-itemid-6601e1771f66463b59292f21",
      "image_url": "https://imageproxy.wolt.com/menu/menu-images/6601c613e48d1c8d95333085/34839182-eae5-11ee-9fe3-82fdea1e0d7d_27815243.jpg",
      "categories": [
        "TRVANLIVÉ",
        "TĚSTOVINY A KUSKUS"
      ],
      "prices": [
        {
          "store_name": "Albert",
          "price": 54.9,
          "original_price": null,
          "unit_price": 109.8,
          "unit": "Kg",
          "package_size": "500 g",
          "condition": null
        }
      ],
      "description": null
    },
    {
      "name": "Head & Shoulders Citrus Fresh šampon proti lupům",
      "brand": "Head",
      "product_url": "https://wolt.com/cs/cze/prague/venue/albert-vinohradska/head-shoulders-citrus-fresh-sampon-proti-lupum-itemid-64ca0b7cba162577de489f2f",
      "image_url": "https://imageproxy.wolt.com/menu/menu-images/64ffec4406cca0140dfab831/33664944-8eb4-11ee-b200-0208801a60c2_25257854.jpg",
      "categories": [
        "DROGERIE A KOSMETIKA",
        "PÉČE O VLASY"
      ],
      "prices": [
        {
          "store_name": "Albert",
          "price": 159.0,
          "original_price": null,
          "unit_price": 318.0,
          "unit": "l",
          "package_size": "500 ml",
          "condition": null
        }
      ],
      "description": null
    },
    {
      "name": "Algida Smile Jahoda",
      "brand": "Algida",
      "product_url": "https://wolt.com/cs/cze/prague/venue/albert-vinohradska/algida-smile-jahoda-itemid-6876153a0c6218e9f3e5f49d",
      "image_url": "https://imageproxy.wolt.com/menu/menu-images/64b62ec5e5ab70cdc92e30f0/3a1b006a-616f-11f0-8cb1-32df7d33abff_27855881.jpg",
      "categories": [
        "MRAŽENÉ POTRAVINY",
        "ZMRZLINA A NANUKY"
      ],
      "prices": [
        {
          "store_name": "Albert",
          "price": 97.3,
          "original_price": null,
          "unit_price": 108.11,
          "unit": "l",
          "package_size": "900 ml",
          "condition": "Vyprodáno"
        }
      ],
      "description": null
    },
    {
      "name": "Kuřecí stehenní řízek chlazený",
      "brand": null,
      "product_url": "https://wolt.com/cs/cze/prague/venue/albert-vinohradska/kureci-stehenni-rizek-chlazeny-itemid-64ca0b7cba162577de48824f",
      "image_url": "https://imageproxy.wolt.com/menu/menu-images/64ffec4406cca0140dfab831/4158fdec-8eb1-11ee-a197-2e13ed999a8b_24252355.jpg",
      "categories": [
        "MASO A RYBY",
        "DRŮBEŽ"
      ],
      "prices": [
        {
          "store_name": "Albert",
          "price": 163.2,
          "original_price": null,
          "unit_price": null,
          "unit": null,
          "package_size": null,
          "condition": null
        }
      ],
      "description": null
    },
    {
      "name": "Česká chuť Zelí bílé Zelí bílé",
      "brand": "Česká chuť",
      "product_url": "https://wolt.com/cs/cze/prague/venue/albert-vinohradska/ceska-chut-zeli-bile-zeli-bile-itemid-64ca0b7cba162577de4891e2",
      "image_url": "https://imageproxy.wolt.com/menu/menu-images/63ad795db242366d1f818f36/37296afc-d671-11ee-ab98-faa443b702ab_26890357.jpg",
      "categories": [
        "TRVANLIVÉ",
        "KONZERVOVANÉ POTR."
      ],
      "prices": [
        {
          "store_name": "Albert",
          "price": 33.9,
          "original_price": null,
          "unit_price": 94.17,
          "unit": "Kg",
          "package_size": "360 g",
          "condition": null
        }
      ],
      "description": null
    },
    {
      "name": "Franz Josef Kaiser Olivy Exclusive Řecké černé",
      "brand": "Franz Josef Kaiser",
      "product_url": "https://wolt.com/cs/cze/prague/venue/albert-vinohradska/franz-josef-kaiser-olivy-exclusive-recke-cerne-itemid-657233256818b938df94807f",
      "image_url": "https://imageproxy.wolt.com/menu/menu-images/64ffec4406cca0140dfab831/e01750fc-8ebe-11ee-89c0-06cf0d3d89bd_27072646.jpg",
      "categories": [
        "TRVANLIVÉ",
        "KONZERVOVANÉ POTR."
      ],
      "prices": [
        {
          "store_name": "Albert",
          "price": 109.9,
          "original_price": null,
          "unit_price": 814.07,
          "unit": "Kg",
          "package_size": "135 g",
          "condition": null
        }
      ],
      "description": null
    },
    {
      "name": "Dýně Hokaido",
      "brand": "Dýně",
      "product_url": "https://wolt.com/cs/cze/prague/venue/albert-vinohradska/dyne-hokaido-itemid-68b4ae313f88e8abcf945a9d",
      "image_url": "https://imageproxy.wolt.com/menu/menu-images/6666a3a295b96e9eba377ef3/e82f199c-04c3-11f0-b2dc-9aeb57f43e6f_27677759.jpg",
      "categories": [
        "OVOCE A ZELENINA",
        "ZELENINA"
      ],
      "prices": [
        {
          "store_name": "Albert",
          "price": 50.83,
          "original_price": null,
          "unit_price": null,
          "unit": null,
          "package_size": "~1,7 kg",
          "condition": null
        }
      ],
      "description": null
    },
    {
      "name": "Heinz Fazole v rajčatové omáčce bez přid. cukru",
      "brand": "Heinz",
      "product_url": "https://wolt.com/cs/cze/prague/venue/albert-vinohradska/heinz-fazole-v-rajcatove-omacce-bez-prid-cukru-itemid-657233256818b938df94847b",
      "image_url": "https://imageproxy.wolt.com/menu/menu-images/64ffec4406cca0140dfab831/a131ab50-8eb2-11ee-88f2-e2efa80c37b6_24844376.jpg",
      "categories": [
        "TRVANLIVÉ",
        "KONZERVOVANÉ POTR."
      ],
      "prices": [
        {
          "store_name": "Albert",
          "price": 67.9,
          "original_price": null,
          "unit_price": 326.44,
          "unit": "Kg",
          "package_size": "208 g",
          "condition": null
        }
      ],
      "description": null
    },
    {
      "name": "Panzani Pesto",
      "brand": "Panzani",
      "product_url": "https://wolt.com/cs/cze/prague/venue/albert-vinohradska/panzani-pesto-itemid-657233256818b938df94785b",
      "image_url": "https://imageproxy.wolt.com/menu/menu-images/64ffec4406cca0140dfab831/f3378896-8eb9-11ee-bf5f-3a1814765055_26543918.jpg",
      "categories": [
        "TRVANLIVÉ",
        "KEČUPY A HOŘČICE"
      ],
      "prices": [
        {
          "store_name": "Albert",
          "price": 106.9,
          "original_price": null,
          "unit_price": 534.5,
          "unit": "Kg",
          "package_size": "200 g",
          "condition": null
        }
      ],
      "description": null
    },
    {
      "name": "Home Kitchen Papír na pečení",
      "brand": "Home",
      "product_url": "https://wolt.com/cs/cze/prague/venue/albert-vinohradska/home-kitchen-papir-na-peceni-itemid-681b5abffcbd67bf7a8f4b05",
      "image_url": "https://imageproxy.wolt.com/menu/menu-images/63ad795db242366d1f818f36/d192c314-2b47-11f0-b332-1e2a5db92972_27970089.jpg",
      "categories": [
        "DOMÁCNOST A ZAHRADA",
        "KUCHYŇSKÉ POTŘEBY"
      ],
      "prices": [
        {
          "store_name": "Albert",
          "price": 29.9,
          "original_price": null,
          "unit_price": 29.9,
          "unit": "ks",
          "package_size": "‪1‬ kus",
          "condition": null
        }
      ],
      "description": null
    },
    {
      "name": "Nature's Promise Bio vepřová panenka",
      "brand": "Nature's Promise",
      "product_url": "https://wolt.com/cs/cze/prague/venue/albert-vinohradska/nature-s-promise-bio-veprova-panenka-itemid-64ca0b7cba162577de48884f",
      "image_url": "https://imageproxy.wolt.com/menu/menu-images/63ad795db242366d1f818f36/5f92f3fa-8e26-11f0-9edb-123ba6fb33bc_24805414.jpg",
      "categories": [
        "MASO A RYBY",
        "VEPŘOVÉ"
      ],
      "prices": [
        {
          "store_name": "Albert",
          "price": 91.77,
          "original_price": null,
          "unit_price": null,
          "unit": null,
          "package_size": null,
          "condition": null
        }
      ],
      "description": null
    },
    {
      "name": "Meggle Smetana na vaření bezlaktózová",
      "brand": "Meggle",
      "product_url": "https://wolt.com/cs/cze/prague/venue/albert-vinohradska/meggle-smetana-na-vareni-bezlaktozova-itemid-64ca0b7cba162577de48901e",
      "image_url": "https://imageproxy.wolt.com/menu/menu-images/64ffec4406cca0140dfab831/41d09f46-8eb6-11ee-9f83-76d18bdc0849_25730777.jpg",
      "categories": [
        "MLÉČNÉ A CHLAZENÉ",
        "SMETANY A ŠLEHAČKY"
      ],
      "prices": [
        {
          "store_name": "Albert",
          "price": 36.9,
          "original_price": null,
          "unit_price": 184.5,
          "unit": "l",
          "package_size": "200 ml",
          "condition": null
        }
      ],
      "description": null
    },
    {
      "name": "Budweiser Budvar světlé výčepní",
      "brand": "Budweiser",
      "product_url": "https://wolt.com/cs/cze/prague/venue/albert-vinohradska/budweiser-budvar-svetle-vycepni-itemid-657233256818b938df948867",
      "image_url": "https://imageproxy.wolt.com/menu/menu-images/64ffec4406cca0140dfab831/8dc7d8fc-8eb0-11ee-a5d0-96ff514b0205_23880559.jpg",
      "categories": [
        "NÁPOJE",
        "PIVA"
      ],
      "prices": [
        {
          "store_name": "Albert",
          "price": 24.9,
          "original_price": null,
          "unit_price": 49.8,
          "unit": "l",
          "package_size": "500 ml, 4% alc",
          "condition": "18+"
        }
      ],
      "description": null
    },
    {
      "name": "Caffe Gondoliere Red Melange Instantní káva",
      "brand": "Caffe",
      "product_url": "https://wolt.com/cs/cze/prague/venue/albert-vinohradska/caffe-gondoliere-red-melange-instantni-kava-itemid-64ca0b7cba162577de48a6cd",
      "image_url": "https://imageproxy.wolt.com/menu/menu-images/64ffec4406cca0140dfab831/e04eed8a-8ec5-11ee-8862-eadfee8d92ce_27579855.jpg",
      "categories": [
        "NÁPOJE",
        "KÁVA A ČAJ"
      ],
      "prices": [
        {
          "store_name": "Albert",
          "price": 79.9,
          "original_price": null,
          "unit_price": 799.0,
          "unit": "Kg",
          "package_size": "100 g",
          "condition": null
        }
      ],
      "description": null
    },
    {
      "name": "Poděbradka ProLinie Jemně perlivá limetková",
      "brand": "Poděbradka",
      "product_url": "https://wolt.com/cs/cze/prague/venue/albert-vinohradska/podebradka-prolinie-jemne-perliva-limetkova-itemid-64ca0b7cba162577de488589",
      "image_url": "https://imageproxy.wolt.com/menu/menu-images/63ad795db242366d1f818f36/01823d90-7826-11f0-bb5a-92ea3e925c87_23989580.jpg",
      "categories": [
        "NÁPOJE",
        "VODY A MINERÁLKY"
      ],
      "prices": [
        {
          "store_name": "Albert",
          "price": 13.9,
          "original_price": null,
          "unit_price": 9.27,
          "unit": "l",
          "package_size": "1,5 l",
          "condition": "Vyprodáno"
        }
      ],
      "description": null
    },
    {
      "name": "Kláštorná Kalcia Jemně perlivá",
      "brand": "Kláštorná",
      "product_url": "https://wolt.com/cs/cze/prague/venue/albert-vinohradska/klastorna-kalcia-jemne-perliva-itemid-64ca0b7cba162577de4890df",
      "image_url": "https://imageproxy.wolt.com/menu/menu-images/64ffec4406cca0140dfab831/72ae6138-8ec1-11ee-bcd9-2e546726778e_27248713.jpg",
      "categories": [
        "NÁPOJE",
        "VODY A MINERÁLKY"
      ],
      "prices": [
        {
          "store_name": "Albert",
          "price": 18.9,
          "original_price": null,
          "unit_price": 12.6,
          "unit": "l",
          "package_size": "1,5 l",
          "condition": null
        }
      ],
      "description": null
    },
    {
      "name": "Adriana Pasta Linguine",
      "brand": "Adriana",
      "product_url": "https://wolt.com/cs/cze/prague/venue/albert-vinohradska/adriana-pasta-linguine-itemid-64ca0b7cba162577de48963d",
      "image_url": "https://imageproxy.wolt.com/menu/menu-images/64ffec4406cca0140dfab831/4aa8024a-8eb5-11ee-9815-b6ff72c7a500_25535600.jpg",
      "categories": [
        "TRVANLIVÉ",
        "TĚSTOVINY A KUSKUS"
      ],
      "prices": [
        {
          "store_name": "Albert",
          "price": 49.9,
          "original_price": null,
          "unit_price": 99.8,
          "unit": "Kg",
          "package_size": "500 g",
          "condition": null
        }
      ],
      "description": null
    },
    {
      "name": "Felix Sensations výběr v želé, maso a ryby",
      "brand": "Felix",
      "product_url": "https://wolt.com/cs/cze/prague/venue/albert-vinohradska/felix-sensations-vyber-v-zele-maso-a-ryby-itemid-64ca0b7cba162577de488b27",
      "image_url": "https://imageproxy.wolt.com/menu/menu-images/64ffec4406cca0140dfab831/773ac9ec-8ec3-11ee-accd-62169a0e6c38_27383391.jpg",
      "categories": [
        "ZVÍŘATA",
        "KOČKY"
      ],
      "prices": [
        {
          "store_name": "Albert",
          "price": 129.9,
          "original_price": null,
          "unit_price": 127.35,
          "unit": "Kg",
          "package_size": "1,02 kg",
          "condition": null
        }
      ],
      "description": null
    },
    {
      "name": "Rybí trh Losos, filet s kůží",
      "brand": "Rybí",
      "product_url": "https://wolt.com/cs/cze/prague/venue/albert-vinohradska/rybi-trh-losos-filet-s-kuzi-itemid-657233256818b938df948509",
      "image_url": "https://imageproxy.wolt.com/menu/menu-images/64ffec4406cca0140dfab831/7bde7b36-8eb1-11ee-b9d1-eadf6ce36c9d_24389617.jpg",
      "categories": [
        "MASO A RYBY",
        "RYBY"
      ],
      "prices": [
        {
          "store_name": "Albert",
          "price": null,
          "original_price": null,
          "unit_price": null,
          "unit": null,
          "package_size": null,
          "condition": "Sleva, Vyprodáno"
        }
      ],
      "description": null
    },
    {
      "name": "Albert Bochník bezlepkový",
      "brand": "Albert",
      "product_url": "https://wolt.com/cs/cze/prague/venue/albert-vinohradska/albert-bochnik-bezlepkovy-itemid-651c84a358fadba137819e77",
      "image_url": "https://imageproxy.wolt.com/menu/menu-images/63ad795db242366d1f818f36/814a0df4-c3f1-11ee-8be6-b61c12faff52_27810941.jpg",
      "categories": [
        "PEKÁRNA A CUKRÁRNA",
        "CHLÉB VOLNÝ"
      ],
      "prices": [
        {
          "store_name": "Albert",
          "price": null,
          "original_price": null,
          "unit_price": 183.0,
          "unit": "Kg",
          "package_size": "300 g",
          "condition": "Sleva, Vyprodáno"
        }
      ],
      "description": null
    },
    {
      "name": "Mrkev svazek",
      "brand": null,
      "product_url": "https://wolt.com/cs/cze/prague/venue/albert-vinohradska/mrkev-svazek-itemid-64ca0b7cba162577de4882cb",
      "image_url": "https://imageproxy.wolt.com/menu/menu-images/64ffec4406cca0140dfab831/fe925548-8eac-11ee-93dd-424f0985e4ef_20444044.jpg",
      "categories": [
        "OVOCE A ZELENINA",
        "ZELENINA"
      ],
      "prices": [
        {
          "store_name": "Albert",
          "price": 34.9,
          "original_price": null,
          "unit_price": 34.9,
          "unit": "ks",
          "package_size": "‪1‬ kus",
          "condition": null
        }
      ],
      "description": null
    },
    {
      "name": "Nivea Protect & Care Antiperspirant sprej",
      "brand": "Nivea",
      "product_url": "https://wolt.com/cs/cze/prague/venue/albert-vinohradska/nivea-protect-care-antiperspirant-sprej-itemid-64ca0b7cba162577de489fe9",
      "image_url": "https://imageproxy.wolt.com/menu/menu-images/63ad795db242366d1f818f36/e428c95e-f8ef-11ef-b74f-4e3a215f1554_26523378.jpg",
      "categories": [
        "DROGERIE A KOSMETIKA",
        "DEODORANTY"
      ],
      "prices": [
        {
          "store_name": "Albert",
          "price": 89.9,
          "original_price": null,
          "unit_price": 599.33,
          "unit": "l",
          "package_size": "150 ml",
          "condition": null
        }
      ],
      "description": null
    },
    {
      "name": "Rajec Pramenitá voda mateřídouška",
      "brand": "Rajec",
      "product_url": "https://wolt.com/cs/cze/prague/venue/albert-vinohradska/rajec-pramenita-voda-materidouska-itemid-657233256818b938df9479a1",
      "image_url": "https://imageproxy.wolt.com/menu/menu-images/64ffec4406cca0140dfab831/703771d4-8eb1-11ee-bc11-1ec840397d06_24368940.jpg",
      "categories": [
        "NÁPOJE",
        "VODY A MINERÁLKY"
      ],
      "prices": [
        {
          "store_name": "Albert",
          "price": 19.9,
          "original_price": null,
          "unit_price": 13.27,
          "unit": "l",
          "package_size": "1,5 l",
          "condition": null
        }
      ],
      "description": null
    },
    {
      "name": "Haribo Miami Fizz želé kyselé ovocné",
      "brand": "Haribo",
      "product_url": "https://wolt.com/cs/cze/prague/venue/albert-vinohradska/haribo-miami-fizz-zele-kysele-ovocne-itemid-657233256818b938df947908",
      "image_url": "https://imageproxy.wolt.com/menu/menu-images/64ffec4406cca0140dfab831/a4fb631a-8ebd-11ee-a347-92f467c0c86c_26955933.jpg",
      "categories": [
        "TRVANLIVÉ",
        "SLADKOSTI"
      ],
      "prices": [
        {
          "store_name": "Albert",
          "price": 24.9,
          "original_price": null,
          "unit_price": 292.94,
          "unit": "Kg",
          "package_size": "85 g",
          "condition": null
        }
      ],
      "description": null
    },
    {
      "name": "Albert Holandský řízek se šťouchaným bramborem",
      "brand": "Albert",
      "product_url": "https://wolt.com/cs/cze/prague/venue/albert-vinohradska/albert-holandsky-rizek-se-stouchanym-bramborem-itemid-657233256818b938df948a91",
      "image_url": "https://imageproxy.wolt.com/menu/menu-images/64ffec4406cca0140dfab831/57032ed0-8ec8-11ee-a2dd-22ab4de1c557_27715000.jpg",
      "categories": [
        "UZENINY A LAHŮDKY",
        "HOTOVKY A PŘÍLOHY"
      ],
      "prices": [
        {
          "store_name": "Albert",
          "price": 99.9,
          "original_price": null,
          "unit_price": 277.5,
          "unit": "Kg",
          "package_size": "360 g",
          "condition": null
        }
      ],
      "description": null
    },
    {
      "name": "Cappy 100% jablko",
      "brand": "Cappy",
      "product_url": "https://wolt.com/cs/cze/prague/venue/albert-vinohradska/cappy-100-jablko-itemid-657233256818b938df94854d",
      "image_url": "https://imageproxy.wolt.com/menu/menu-images/64ffec4406cca0140dfab831/bd1854e6-8eb6-11ee-9376-36180384687e_25822120.jpg",
      "categories": [
        "NÁPOJE",
        "DŽUSY A NEKTARY"
      ],
      "prices": [
        {
          "store_name": "Albert",
          "price": 29.9,
          "original_price": null,
          "unit_price": 90.61,
          "unit": "l",
          "package_size": "330 ml",
          "condition": null
        }
      ],
      "description": null
    },
    {
      "name": "Palmolive Naturals Olive & Milk sprchový gel",
      "brand": "Palmolive",
      "product_url": "https://wolt.com/cs/cze/prague/venue/albert-vinohradska/palmolive-naturals-olive-milk-sprchovy-gel-itemid-657233256818b938df94816a",
      "image_url": "https://imageproxy.wolt.com/menu/menu-images/63ad795db242366d1f818f36/4b7c2656-1c04-11ef-849a-fe2760a01a8c_27075364.jpg",
      "categories": [
        "DROGERIE A KOSMETIKA",
        "MÝDLA A GELY"
      ],
      "prices": [
        {
          "store_name": "Albert",
          "price": null,
          "original_price": null,
          "unit_price": 139.8,
          "unit": "l",
          "package_size": "500 ml",
          "condition": "Sleva"
        }
      ],
      "description": null
    },
    {
      "name": "Albert Polévka česneková instantní",
      "brand": "Albert",
      "product_url": "https://wolt.com/cs/cze/prague/venue/albert-vinohradska/albert-polevka-cesnekova-instantni-itemid-64ca0b7cba162577de488cfd",
      "image_url": "https://imageproxy.wolt.com/menu/menu-images/63ad795db242366d1f818f36/2b1cddac-9796-11ef-aeeb-da6687ff8a5a_26699073.jpg",
      "categories": [
        "TRVANLIVÉ",
        "INSTANTNÍ POKRMY"
      ],
      "prices": [
        {
          "store_name": "Albert",
          "price": 6.9,
          "original_price": null,
          "unit_price": 383.33,
          "unit": "Kg",
          "package_size": "18 g",
          "condition": null
        }
      ],
      "description": null
    },
    {
      "name": "Indiana Beef Jerky Sušené hovězí Original",
      "brand": "Indiana",
      "product_url": "https://wolt.com/cs/cze/prague/venue/albert-vinohradska/indiana-beef-jerky-susene-hovezi-original-itemid-657233256818b938df947ce2",
      "image_url": "https://imageproxy.wolt.com/menu/menu-images/64ffec4406cca0140dfab831/5501ce70-8ec3-11ee-a4e6-66f80a096b2a_27377369.jpg",
      "categories": [
        "TRVANLIVÉ",
        "SLANÉ"
      ],
      "prices": [
        {
          "store_name": "Albert",
          "price": 74.9,
          "original_price": null,
          "unit_price": 2996.0,
          "unit": "Kg",
          "package_size": "25 g",
          "condition": null
        }
      ],
      "description": null
    },
    {
      "name": "Dekos Bio Brčko papírové",
      "brand": "Dekos",
      "product_url": "https://wolt.com/cs/cze/prague/venue/albert-vinohradska/dekos-bio-brcko-papirove-itemid-657233256818b938df9481ad",
      "image_url": "https://imageproxy.wolt.com/menu/menu-images/64ffec4406cca0140dfab831/4089d69e-8ec4-11ee-8ea0-2e546726778e_27458532.jpg",
      "categories": [
        "DOMÁCNOST A ZAHRADA",
        "JEDNORÁZOVÉ NÁDOBÍ"
      ],
      "prices": [
        {
          "store_name": "Albert",
          "price": 39.9,
          "original_price": null,
          "unit_price": 1.6,
          "unit": "ks",
          "package_size": "‪25‬ kusů",
          "condition": "Vyprodáno"
        }
      ],
      "description": null
    },
    {
      "name": "Tassimo Jacobs Latte Macchiato Caramel kapsle",
      "brand": "Tassimo",
      "product_url": "https://wolt.com/cs/cze/prague/venue/albert-vinohradska/tassimo-jacobs-latte-macchiato-caramel-kapsle-itemid-64ca0b7cba162577de489bf4",
      "image_url": "https://imageproxy.wolt.com/menu/menu-images/6745ec28c3b7723db3588430/0bc78a44-d4fb-11f0-9bba-a20e3e52ddab_25348071.jpg",
      "categories": [
        "NÁPOJE",
        "KÁVA A ČAJ"
      ],
      "prices": [
        {
          "store_name": "Albert",
          "price": 139.9,
          "original_price": null,
          "unit_price": 8.74,
          "unit": "ks",
          "package_size": "‪16‬ kusů",
          "condition": null
        }
      ],
      "description": null
    },
    {
      "name": "Dr. Oetker Želatina na ztužení krémů",
      "brand": "Dr. Oetker",
      "product_url": "https://wolt.com/cs/cze/prague/venue/albert-vinohradska/dr-oetker-zelatina-na-ztuzeni-kremu-itemid-64ca0b7cba162577de489844",
      "image_url": "https://imageproxy.wolt.com/menu/menu-images/63ad795db242366d1f818f36/f6436c66-a8e9-11f0-a288-325aeca27cb3_22980502.jpg",
      "categories": [
        "TRVANLIVÉ",
        "PEČENÍ A VAŘENÍ"
      ],
      "prices": [
        {
          "store_name": "Albert",
          "price": 29.9,
          "original_price": null,
          "unit_price": 1495.0,
          "unit": "Kg",
          "package_size": "20 g",
          "condition": null
        }
      ],
      "description": null
    },
    {
      "name": "Eduscho Crema Strong zrnková káva",
      "brand": "Eduscho",
      "product_url": "https://wolt.com/cs/cze/prague/venue/albert-vinohradska/eduscho-crema-strong-zrnkova-kava-itemid-657233256818b938df948519",
      "image_url": "https://imageproxy.wolt.com/menu/menu-images/64ffec4406cca0140dfab831/a27cd80a-8eca-11ee-98b7-2a0d2020cb56_27784952.jpg",
      "categories": [
        "NÁPOJE",
        "KÁVA A ČAJ"
      ],
      "prices": [
        {
          "store_name": "Albert",
          "price": 599.0,
          "original_price": null,
          "unit_price": 599.0,
          "unit": "Kg",
          "package_size": "1 kg",
          "condition": null
        }
      ],
      "description": null
    },
    {
      "name": "Jack Daniel's Tennessee Fire 35%",
      "brand": "Jack Daniel's",
      "product_url": "https://wolt.com/cs/cze/prague/venue/albert-vinohradska/jack-daniel-s-tennessee-fire-35-itemid-64ca0b7cba162577de48a23f",
      "image_url": "https://imageproxy.wolt.com/menu/menu-images/64ffec4406cca0140dfab831/44d49e38-8eb9-11ee-88d5-2e13ed999a8b_26398938.jpg",
      "categories": [
        "NÁPOJE",
        "LIHOVINY"
      ],
      "prices": [
        {
          "store_name": "Albert",
          "price": 749.0,
          "original_price": null,
          "unit_price": 1070.0,
          "unit": "l",
          "package_size": "700 ml, 35% alc",
          "condition": "18+"
        }
      ],
      "description": null
    },
    {
      "name": "Albert Tampony odličovací",
      "brand": "Albert",
      "product_url": "https://wolt.com/cs/cze/prague/venue/albert-vinohradska/albert-tampony-odlicovaci-itemid-64ca0b7cba162577de488fe9",
      "image_url": "https://imageproxy.wolt.com/menu/menu-images/64ffec4406cca0140dfab831/cbc5bd88-8eb8-11ee-a346-3a1814765055_26265957.jpg",
      "categories": [
        "DROGERIE A KOSMETIKA",
        "PAPÍROVÁ HYGIENA"
      ],
      "prices": [
        {
          "store_name": "Albert",
          "price": 26.9,
          "original_price": null,
          "unit_price": 0.34,
          "unit": "ks",
          "package_size": "‪80‬ kusů",
          "condition": null
        }
      ],
      "description": null
    },
    {
      "name": "Kitbis Tvrdé roksové bonbony",
      "brand": "Kitbis",
      "product_url": "https://wolt.com/cs/cze/prague/venue/albert-vinohradska/kitbis-tvrde-roksove-bonbony-itemid-64ca0b7cba162577de489870",
      "image_url": "https://imageproxy.wolt.com/menu/menu-images/64ffec4406cca0140dfab831/fef4adba-8ebb-11ee-ad93-cae320ae1b7e_26814995.jpg",
      "categories": [
        "TRVANLIVÉ",
        "SLADKOSTI"
      ],
      "prices": [
        {
          "store_name": "Albert",
          "price": 25.9,
          "original_price": null,
          "unit_price": 287.78,
          "unit": "Kg",
          "package_size": "90 g",
          "condition": null
        }
      ],
      "description": null
    },
    {
      "name": "Kempy Nudlová polévka s hovězí příchutí",
      "brand": "Kempy",
      "product_url": "https://wolt.com/cs/cze/prague/venue/albert-vinohradska/kempy-nudlova-polevka-s-hovezi-prichuti-itemid-64ca0b7cba162577de488539",
      "image_url": "https://imageproxy.wolt.com/menu/menu-images/64ffec4406cca0140dfab831/da75cb98-8eb8-11ee-9ab3-3a1814765055_26307473.jpg",
      "categories": [
        "TRVANLIVÉ",
        "INSTANTNÍ POKRMY"
      ],
      "prices": [
        {
          "store_name": "Albert",
          "price": 11.9,
          "original_price": null,
          "unit_price": 198.33,
          "unit": "Kg",
          "package_size": "60 g",
          "condition": null
        }
      ],
      "description": null
    },
    {
      "name": "Nature's Promise Bio Pomazánka ananas a kari",
      "brand": "Nature's Promise",
      "product_url": "https://wolt.com/cs/cze/prague/venue/albert-vinohradska/nature-s-promise-bio-pomazanka-ananas-a-kari-itemid-64ca0b7cba162577de488dbb",
      "image_url": "https://imageproxy.wolt.com/menu/menu-images/63ad795db242366d1f818f36/6ff71a82-8e26-11f0-ad32-c2c10e18c4f8_26818498.jpg",
      "categories": [
        "UZENINY A LAHŮDKY",
        "SALÁTY A POMAZÁNKY"
      ],
      "prices": [
        {
          "store_name": "Albert",
          "price": 24.9,
          "original_price": null,
          "unit_price": 199.2,
          "unit": "Kg",
          "package_size": "125 g",
          "condition": null
        }
      ],
      "description": null
    },
    {
      "name": "Nature's Promise Bio Baby Špagety Bolognese",
      "brand": "Nature's Promise",
      "product_url": "https://wolt.com/cs/cze/prague/venue/albert-vinohradska/nature-s-promise-bio-baby-spagety-bolognese-itemid-64ca0b7cba162577de488dc1",
      "image_url": "https://imageproxy.wolt.com/menu/menu-images/64ffec4406cca0140dfab831/a569a942-8ec2-11ee-ba16-ce752cd7e428_27316665.jpg",
      "categories": [
        "DÍTĚ",
        "VÝŽIVA"
      ],
      "prices": [
        {
          "store_name": "Albert",
          "price": 24.9,
          "original_price": null,
          "unit_price": 131.05,
          "unit": "Kg",
          "package_size": "190 g",
          "condition": null
        }
      ],
      "description": null
    },
    {
      "name": "Sfinx Bonbony Slavia",
      "brand": "Sfinx",
      "product_url": "https://wolt.com/cs/cze/prague/venue/albert-vinohradska/sfinx-bonbony-slavia-itemid-64ca0b7cba162577de4888c1",
      "image_url": "https://imageproxy.wolt.com/menu/menu-images/64ffec4406cca0140dfab831/48c58d5c-8eac-11ee-9759-424f0985e4ef_20300555.jpg",
      "categories": [
        "TRVANLIVÉ",
        "SLADKOSTI"
      ],
      "prices": [
        {
          "store_name": "Albert",
          "price": 19.9,
          "original_price": null,
          "unit_price": 221.11,
          "unit": "Kg",
          "package_size": "90 g",
          "condition": null
        }
      ],
      "description": null
    },
    {
      "name": "Albert Nápoj příchuť jahoda 40%",
      "brand": "Albert",
      "product_url": "https://wolt.com/cs/cze/prague/venue/albert-vinohradska/albert-napoj-prichut-jahoda-40-itemid-64ca0b7cba162577de4897e9",
      "image_url": "https://imageproxy.wolt.com/menu/menu-images/64ffec4406cca0140dfab831/3424828a-8eb7-11ee-a475-3a1814765055_25909173.jpg",
      "categories": [
        "NÁPOJE",
        "DŽUSY A NEKTARY"
      ],
      "prices": [
        {
          "store_name": "Albert",
          "price": 29.9,
          "original_price": null,
          "unit_price": 29.9,
          "unit": "l",
          "package_size": "1 l",
          "condition": null
        }
      ],
      "description": null
    },
    {
      "name": "Softe Sprchový gel sport",
      "brand": "Softe",
      "product_url": "https://wolt.com/cs/cze/prague/venue/albert-vinohradska/softe-sprchovy-gel-sport-itemid-681b5abffcbd67bf7a8f4b2b",
      "image_url": "https://imageproxy.wolt.com/menu/menu-images/63ad795db242366d1f818f36/88f3ce00-2b47-11f0-985a-06428b1fb390_27919392.jpg",
      "categories": [
        "DROGERIE A KOSMETIKA",
        "PÉČE O TĚLO"
      ],
      "prices": [
        {
          "store_name": "Albert",
          "price": 34.9,
          "original_price": null,
          "unit_price": 87.25,
          "unit": "l",
          "package_size": "400 ml",
          "condition": null
        }
      ],
      "description": null
    },
    {
      "name": "Albert Salát ledový",
      "brand": "Albert",
      "product_url": "https://wolt.com/cs/cze/prague/venue/albert-vinohradska/albert-salat-ledovy-itemid-64ca0b7cba162577de4884f3",
      "image_url": "https://imageproxy.wolt.com/menu/menu-images/64ffec4406cca0140dfab831/0381dd94-8ead-11ee-a9a3-76e61dd676ec_20444372.jpg",
      "categories": [
        "OVOCE A ZELENINA",
        "ZELENINA"
      ],
      "prices": [
        {
          "store_name": "Albert",
          "price": 34.9,
          "original_price": null,
          "unit_price": 34.9,
          "unit": "ks",
          "package_size": "‪1‬ kus",
          "condition": null
        }
      ],
      "description": null
    },
    {
      "name": "Nature's Promise Bio Kokosový dezert jahodový",
      "brand": "Nature's Promise",
      "product_url": "https://wolt.com/cs/cze/prague/venue/albert-vinohradska/nature-s-promise-bio-kokosovy-dezert-jahodovy-itemid-64ca0b7cba162577de4892e5",
      "image_url": "https://imageproxy.wolt.com/menu/menu-images/64ffec4406cca0140dfab831/ef89357e-8ebd-11ee-bb30-b29f7f1f7f8d_26977522.jpg",
      "categories": [
        "MLÉČNÉ A CHLAZENÉ",
        "ROSTLINNÉ PRODUKTY"
      ],
      "prices": [
        {
          "store_name": "Albert",
          "price": 29.9,
          "original_price": null,
          "unit_price": 199.33,
          "unit": "Kg",
          "package_size": "150 g",
          "condition": null
        }
      ],
      "description": null
    },
    {
      "name": "Nature's Promise Bio Tempeh uzený",
      "brand": "Nature's Promise",
      "product_url": "https://wolt.com/cs/cze/prague/venue/albert-vinohradska/nature-s-promise-bio-tempeh-uzeny-itemid-64ca0b7cba162577de488d09",
      "image_url": "https://imageproxy.wolt.com/menu/menu-images/64ffec4406cca0140dfab831/43e91f64-8ebc-11ee-bfbb-92f467c0c86c_26830698.jpg",
      "categories": [
        "MLÉČNÉ A CHLAZENÉ",
        "ROSTLINNÉ PRODUKTY"
      ],
      "prices": [
        {
          "store_name": "Albert",
          "price": 49.9,
          "original_price": null,
          "unit_price": 262.63,
          "unit": "Kg",
          "package_size": "190 g",
          "condition": null
        }
      ],
      "description": null
    },
    {
      "name": "Nomina Rýžová kaše bezlepková",
      "brand": "Nomina",
      "product_url": "https://wolt.com/cs/cze/prague/venue/albert-vinohradska/nomina-ryzova-kase-bezlepkova-itemid-64ca0b7cba162577de48872f",
      "image_url": "https://imageproxy.wolt.com/menu/menu-images/64ffec4406cca0140dfab831/4017a5a0-8ec0-11ee-92ea-6a11ca682d5f_27165614.jpg",
      "categories": [
        "TRVANLIVÉ",
        "MÜSLI A CEREÁLIE"
      ],
      "prices": [
        {
          "store_name": "Albert",
          "price": null,
          "original_price": null,
          "unit_price": 133.0,
          "unit": "Kg",
          "package_size": "300 g",
          "condition": "Sleva"
        }
      ],
      "description": null
    },
    {
      "name": "Nature's Promise Jogurt ovčí bílý",
      "brand": "Nature's Promise",
      "product_url": "https://wolt.com/cs/cze/prague/venue/albert-vinohradska/nature-s-promise-jogurt-ovci-bily-itemid-64ca0b7cba162577de489061",
      "image_url": "https://imageproxy.wolt.com/menu/menu-images/63ad795db242366d1f818f36/1b7c0d9c-ed44-11ef-997c-7a1bb9aa2033_27080320.jpg",
      "categories": [
        "MLÉČNÉ A CHLAZENÉ",
        "JOGURTY A DEZERTY"
      ],
      "prices": [
        {
          "store_name": "Albert",
          "price": null,
          "original_price": null,
          "unit_price": 152.67,
          "unit": "Kg",
          "package_size": "150 g",
          "condition": "Sleva"
        }
      ],
      "description": null
    },
    {
      "name": "Corona",
      "brand": "Corona",
      "product_url": "https://wolt.com/cs/cze/prague/venue/albert-vinohradska/corona-itemid-657233256818b938df9484f9",
      "image_url": "https://imageproxy.wolt.com/menu/menu-images/64ffec4406cca0140dfab831/90e04dec-8ead-11ee-9001-9a472ccb949a_20877088.jpg",
      "categories": [
        "NÁPOJE",
        "PIVA"
      ],
      "prices": [
        {
          "store_name": "Albert",
          "price": 49.9,
          "original_price": null,
          "unit_price": 140.56,
          "unit": "l",
          "package_size": "355 ml, 4,5% alc",
          "condition": "18+"
        }
      ],
      "description": null
    },
    {
      "name": "Česká chuť Mléko čerstvé polotučné 1,5%",
      "brand": "Česká chuť",
      "product_url": "https://wolt.com/cs/cze/prague/venue/albert-vinohradska/ceska-chut-mleko-cerstve-polotucne-1-5-itemid-64ca0b7cba162577de488357",
      "image_url": "https://imageproxy.wolt.com/menu/menu-images/64ffec4406cca0140dfab831/8736aeae-8ebb-11ee-ba6f-024004d5d6b2_26777627.jpg",
      "categories": [
        "MLÉČNÉ A CHLAZENÉ",
        "MLÉČNÉ NÁPOJE"
      ],
      "prices": [
        {
          "store_name": "Albert",
          "price": 24.9,
          "original_price": null,
          "unit_price": 24.9,
          "unit": "l",
          "package_size": "1 l",
          "condition": null
        }
      ],
      "description": null
    },
    {
      "name": "Efko Červené zelí sterilované",
      "brand": "Efko",
      "product_url": "https://wolt.com/cs/cze/prague/venue/albert-vinohradska/efko-cervene-zeli-sterilovane-itemid-651c870f2f1068ef3a41954e",
      "image_url": "https://imageproxy.wolt.com/menu/menu-images/64ffec4406cca0140dfab831/0668e192-8ec6-11ee-b883-66f80a096b2a_27596500.jpg",
      "categories": [
        "OVOCE A ZELENINA",
        "ZELENINA"
      ],
      "prices": [
        {
          "store_name": "Albert",
          "price": null,
          "original_price": null,
          "unit_price": 45.8,
          "unit": "Kg",
          "package_size": "500 g",
          "condition": "Sleva"
        }
      ],
      "description": null
    },
    {
      "name": "YoPRO protein s příchutí stracciatella",
      "brand": "YoPRO",
      "product_url": "https://wolt.com/cs/cze/prague/venue/albert-vinohradska/yopro-protein-s-prichuti-stracciatella-itemid-681b5abffcbd67bf7a8f4ac2",
      "image_url": "https://imageproxy.wolt.com/menu/menu-images/63ad795db242366d1f818f36/74488e50-2b47-11f0-a7f3-3e216c768122_27881361.jpg",
      "categories": [
        "MLÉČNÉ A CHLAZENÉ",
        "JOGURTY A DEZERTY"
      ],
      "prices": [
        {
          "store_name": "Albert",
          "price": 29.9,
          "original_price": null,
          "unit_price": 186.88,
          "unit": "Kg",
          "package_size": "160 g",
          "condition": null
        }
      ],
      "description": null
    },
    {
      "name": "Cute Baby Pleny Junior velikost 5",
      "brand": "Cute Baby",
      "product_url": "https://wolt.com/cs/cze/prague/venue/albert-vinohradska/cute-baby-pleny-junior-velikost-5-itemid-64ca0b7cba162577de488cdb",
      "image_url": "https://imageproxy.wolt.com/menu/menu-images/63ad795db242366d1f818f36/43622b44-7fed-11ef-90dd-5ae5a18822ca_26937823.jpg",
      "categories": [
        "DÍTĚ",
        "PLENY A PODLOŽKY"
      ],
      "prices": [
        {
          "store_name": "Albert",
          "price": 169.0,
          "original_price": null,
          "unit_price": 3.67,
          "unit": "ks",
          "package_size": "‪46‬ kusů",
          "condition": null
        }
      ],
      "description": null
    },
    {
      "name": "Tatra Jesenka zahuštěná slazená smetana",
      "brand": "Tatra",
      "product_url": "https://wolt.com/cs/cze/prague/venue/albert-vinohradska/tatra-jesenka-zahustena-slazena-smetana-itemid-64ca0b7cba162577de48952b",
      "image_url": "https://imageproxy.wolt.com/menu/menu-images/64ffec4406cca0140dfab831/7c6b56d2-8eac-11ee-a0f2-8636be6bb170_20308315.jpg",
      "categories": [
        "MLÉČNÉ A CHLAZENÉ",
        "JOGURTY A DEZERTY"
      ],
      "prices": [
        {
          "store_name": "Albert",
          "price": 32.9,
          "original_price": null,
          "unit_price": 438.67,
          "unit": "Kg",
          "package_size": "75 g",
          "condition": null
        }
      ],
      "description": null
    },
    {
      "name": "Yum Yum Instantní polévka příchuť zelenina",
      "brand": "Yum",
      "product_url": "https://wolt.com/cs/cze/prague/venue/albert-vinohradska/yum-yum-instantni-polevka-prichut-zelenina-itemid-66021f0bc315873ee3a19b02",
      "image_url": "https://imageproxy.wolt.com/menu/menu-images/6601c613e48d1c8d95333085/6cfbe774-eae2-11ee-ac42-daa57e6835e8_24040198.jpg",
      "categories": [
        "TRVANLIVÉ",
        "INSTANTNÍ POKRMY"
      ],
      "prices": [
        {
          "store_name": "Albert",
          "price": 18.9,
          "original_price": null,
          "unit_price": 315.0,
          "unit": "Kg",
          "package_size": "60 g",
          "condition": null
        }
      ],
      "description": null
    },
    {
      "name": "Gustona Rýže dlouhozrnná loupaná, sáčky",
      "brand": "Gustona",
      "product_url": "https://wolt.com/cs/cze/prague/venue/albert-vinohradska/gustona-ryze-dlouhozrnna-loupana-sacky-itemid-64ca0b7cba162577de4884af",
      "image_url": "https://imageproxy.wolt.com/menu/menu-images/63ad795db242366d1f818f36/61ae5518-4e4d-11ef-af0b-fe5d25f38c81_27157961.jpg",
      "categories": [
        "TRVANLIVÉ",
        "RÝŽE A LUŠTENINY"
      ],
      "prices": [
        {
          "store_name": "Albert",
          "price": 21.9,
          "original_price": null,
          "unit_price": 54.75,
          "unit": "Kg",
          "package_size": "400 g",
          "condition": null
        }
      ],
      "description": null
    },
    {
      "name": "Cinzano Vermouth Bianco",
      "brand": "Cinzano",
      "product_url": "https://wolt.com/cs/cze/prague/venue/albert-vinohradska/cinzano-vermouth-bianco-itemid-64ca0b7cba162577de48906b",
      "image_url": "https://imageproxy.wolt.com/menu/menu-images/64ffec4406cca0140dfab831/814b9266-8ec0-11ee-b3dd-3ac809dc7454_27182024.jpg",
      "categories": [
        "NÁPOJE",
        "VÍNA"
      ],
      "prices": [
        {
          "store_name": "Albert",
          "price": 299.0,
          "original_price": null,
          "unit_price": 398.67,
          "unit": "l",
          "package_size": "750 ml, 15% alc",
          "condition": "18+"
        }
      ],
      "description": null
    },
    {
      "name": "Pickwick Zelený čaj variace",
      "brand": "Pickwick",
      "product_url": "https://wolt.com/cs/cze/prague/venue/albert-vinohradska/pickwick-zeleny-caj-variace-itemid-64ca0b7cba162577de489953",
      "image_url": "https://imageproxy.wolt.com/menu/menu-images/64ffec4406cca0140dfab831/8756c7ae-8eaf-11ee-a81d-c21b45fc094b_23344822.jpg",
      "categories": [
        "NÁPOJE",
        "KÁVA A ČAJ"
      ],
      "prices": [
        {
          "store_name": "Albert",
          "price": 32.9,
          "original_price": null,
          "unit_price": 1096.67,
          "unit": "Kg",
          "package_size": "30 g",
          "condition": null
        }
      ],
      "description": null
    },
    {
      "name": "Becherovka Nefiltrovaná 38%",
      "brand": "Becherovka",
      "product_url": "https://wolt.com/cs/cze/prague/venue/albert-vinohradska/becherovka-nefiltrovana-38-itemid-64ca0b7cba162577de489b48",
      "image_url": "https://imageproxy.wolt.com/menu/menu-images/64ffec4406cca0140dfab831/d40ef780-8ec1-11ee-b1f8-eeaf6a6837cc_27262351.jpg",
      "categories": [
        "NÁPOJE",
        "LIHOVINY"
      ],
      "prices": [
        {
          "store_name": "Albert",
          "price": 299.0,
          "original_price": null,
          "unit_price": 598.0,
          "unit": "l",
          "package_size": "500 ml, 38% alc",
          "condition": "18+"
        }
      ],
      "description": null
    },
    {
      "name": "Albert Poličan",
      "brand": "Albert",
      "product_url": "https://wolt.com/cs/cze/prague/venue/albert-vinohradska/albert-polican-itemid-657233256818b938df948578",
      "image_url": "https://imageproxy.wolt.com/menu/menu-images/64ffec4406cca0140dfab831/35be601e-8eb4-11ee-912e-3a1814765055_25258646.jpg",
      "categories": [
        "UZENINY A LAHŮDKY",
        "SALÁMY"
      ],
      "prices": [
        {
          "store_name": "Albert",
          "price": null,
          "original_price": null,
          "unit_price": 269.0,
          "unit": "Kg",
          "package_size": "100 g",
          "condition": "Sleva"
        }
      ],
      "description": null
    },
    {
      "name": "Madeta Sýrařův výběr Tylžský sýr uzený 45%",
      "brand": "Madeta",
      "product_url": "https://wolt.com/cs/cze/prague/venue/albert-vinohradska/madeta-syraruv-vyber-tylzsky-syr-uzeny-45-itemid-657233256818b938df9486a7",
      "image_url": "https://imageproxy.wolt.com/menu/menu-images/64ffec4406cca0140dfab831/5211d25a-8eb9-11ee-bef8-5a7762fb688d_26405940.jpg",
      "categories": [
        "MLÉČNÉ A CHLAZENÉ",
        "SÝRY"
      ],
      "prices": [
        {
          "store_name": "Albert",
          "price": 36.9,
          "original_price": null,
          "unit_price": 369.0,
          "unit": "Kg",
          "package_size": "100 g",
          "condition": null
        }
      ],
      "description": null
    },
    {
      "name": "Albert Džusík jablečný 100%",
      "brand": "Albert",
      "product_url": "https://wolt.com/cs/cze/prague/venue/albert-vinohradska/albert-dzusik-jablecny-100-itemid-64ca0b7cba162577de48a0c4",
      "image_url": "https://imageproxy.wolt.com/menu/menu-images/64ffec4406cca0140dfab831/2d0c2a12-8eb6-11ee-bfc3-36180384687e_25707205.jpg",
      "categories": [
        "NÁPOJE",
        "DŽUSY A NEKTARY"
      ],
      "prices": [
        {
          "store_name": "Albert",
          "price": 14.9,
          "original_price": null,
          "unit_price": 59.6,
          "unit": "l",
          "package_size": "250 ml",
          "condition": null
        }
      ],
      "description": null
    },
    {
      "name": "KitKat Chunky Oplatka v mléčné čokoládě",
      "brand": "KitKat",
      "product_url": "https://wolt.com/cs/cze/prague/venue/albert-vinohradska/kitkat-chunky-oplatka-v-mlecne-cokolade-itemid-64ca0b7cba162577de489848",
      "image_url": "https://imageproxy.wolt.com/menu/menu-images/63ad795db242366d1f818f36/9bc68dd2-df7c-11ee-8d49-2a208139222c_23093676.jpg",
      "categories": [
        "TRVANLIVÉ",
        "SLADKOSTI"
      ],
      "prices": [
        {
          "store_name": "Albert",
          "price": 14.9,
          "original_price": null,
          "unit_price": 372.5,
          "unit": "Kg",
          "package_size": "40 g",
          "condition": null
        }
      ],
      "description": null
    },
    {
      "name": "Knorr Bohatý bujón hovězí",
      "brand": "Knorr",
      "product_url": "https://wolt.com/cs/cze/prague/venue/albert-vinohradska/knorr-bohaty-bujon-hovezi-itemid-64ca0b7cba162577de489035",
      "image_url": "https://imageproxy.wolt.com/menu/menu-images/63ad795db242366d1f818f36/241148c2-d671-11ee-8bf6-d2e642cd22b9_25257137.jpg",
      "categories": [
        "TRVANLIVÉ",
        "KOŘENÍ A OCHUCOVADLA"
      ],
      "prices": [
        {
          "store_name": "Albert",
          "price": 57.9,
          "original_price": null,
          "unit_price": 516.96,
          "unit": "Kg",
          "package_size": "112 g",
          "condition": null
        }
      ],
      "description": null
    },
    {
      "name": "Nature's Promise Bio Sirup datlový",
      "brand": "Nature's Promise",
      "product_url": "https://wolt.com/cs/cze/prague/venue/albert-vinohradska/nature-s-promise-bio-sirup-datlovy-itemid-66021d0ddf856bb26b034f7e",
      "image_url": "https://imageproxy.wolt.com/menu/menu-images/6601c613e48d1c8d95333085/fa20f264-eae4-11ee-8e93-a2932bff438e_27743324.jpg",
      "categories": [
        "NÁPOJE",
        "SIRUPY A KONCENTRÁTY"
      ],
      "prices": [
        {
          "store_name": "Albert",
          "price": 59.9,
          "original_price": null,
          "unit_price": 239.6,
          "unit": "l",
          "package_size": "250 ml",
          "condition": null
        }
      ],
      "description": null
    },
    {
      "name": "Lavazza Qualità Oro zrnková káva",
      "brand": "Lavazza",
      "product_url": "https://wolt.com/cs/cze/prague/venue/albert-vinohradska/lavazza-qualita-oro-zrnkova-kava-itemid-64ca0b7cba162577de48a23a",
      "image_url": "https://imageproxy.wolt.com/menu/menu-images/64ffec4406cca0140dfab831/d8a9594e-8ebb-11ee-abba-aa877d47d6e0_26806914.jpg",
      "categories": [
        "NÁPOJE",
        "KÁVA A ČAJ"
      ],
      "prices": [
        {
          "store_name": "Albert",
          "price": 739.0,
          "original_price": null,
          "unit_price": 739.0,
          "unit": "Kg",
          "package_size": "1 kg",
          "condition": null
        }
      ],
      "description": null
    },
    {
      "name": "Coca-Cola Vanilla",
      "brand": "Coca-Cola",
      "product_url": "https://wolt.com/cs/cze/prague/venue/albert-vinohradska/coca-cola-vanilla-itemid-64ca0b7cba162577de489889",
      "image_url": "https://imageproxy.wolt.com/menu/menu-images/64ffec4406cca0140dfab831/b1053112-8ec8-11ee-88c7-e22a145dbeeb_27728888.jpg",
      "categories": [
        "NÁPOJE",
        "LIMONÁDY"
      ],
      "prices": [
        {
          "store_name": "Albert",
          "price": 29.9,
          "original_price": null,
          "unit_price": 19.93,
          "unit": "l",
          "package_size": "1,5 l",
          "condition": null
        }
      ],
      "description": null
    },
    {
      "name": "Královské kuřecí prsní řízky",
      "brand": "Královské",
      "product_url": "https://wolt.com/cs/cze/prague/venue/albert-vinohradska/kralovske-kureci-prsni-rizky-itemid-64ca0b7cba162577de4898d1",
      "image_url": "https://imageproxy.wolt.com/menu/menu-images/64ffec4406cca0140dfab831/36199f4c-8ec8-11ee-b8f5-5e8cfe3fa30b_27707203.jpg",
      "categories": [
        "MASO A RYBY",
        "DRŮBEŽ"
      ],
      "prices": [
        {
          "store_name": "Albert",
          "price": 189.0,
          "original_price": null,
          "unit_price": 315.0,
          "unit": "Kg",
          "package_size": "600 g",
          "condition": null
        }
      ],
      "description": null
    },
    {
      "name": "Maso Uzeniny Polička Královská paštika",
      "brand": "Maso",
      "product_url": "https://wolt.com/cs/cze/prague/venue/albert-vinohradska/maso-uzeniny-policka-kralovska-pastika-itemid-64ca0b7cba162577de4891a0",
      "image_url": "https://imageproxy.wolt.com/menu/menu-images/64ffec4406cca0140dfab831/79b60204-8eb4-11ee-920f-22a8008f3216_25336832.jpg",
      "categories": [
        "UZENINY A LAHŮDKY",
        "PAŠTIKY"
      ],
      "prices": [
        {
          "store_name": "Albert",
          "price": 19.5,
          "original_price": null,
          "unit_price": 162.5,
          "unit": "Kg",
          "package_size": "120 g",
          "condition": null
        }
      ],
      "description": null
    },
    {
      "name": "Heinz Omáčka grilovací pepřová",
      "brand": "Heinz",
      "product_url": "https://wolt.com/cs/cze/prague/venue/albert-vinohradska/heinz-omacka-grilovaci-peprova-itemid-64ca0b7cba162577de48a0a9",
      "image_url": "https://imageproxy.wolt.com/menu/menu-images/64ffec4406cca0140dfab831/e73e8732-8ebf-11ee-8c16-aef8df37f9e5_27141502.jpg",
      "categories": [
        "TRVANLIVÉ",
        "KEČUPY A HOŘČICE"
      ],
      "prices": [
        {
          "store_name": "Albert",
          "price": 67.9,
          "original_price": null,
          "unit_price": 308.64,
          "unit": "l",
          "package_size": "220 ml",
          "condition": null
        }
      ],
      "description": null
    },
    {
      "name": "Beefeater London Dry Gin & Tonic",
      "brand": "Beefeater",
      "product_url": "https://wolt.com/cs/cze/prague/venue/albert-vinohradska/beefeater-london-dry-gin-tonic-itemid-64ca0b7cba162577de488c55",
      "image_url": "https://imageproxy.wolt.com/menu/menu-images/64ffec4406cca0140dfab831/8c6c4a08-8ec2-11ee-b654-52a4ddf1765f_27306475.jpg",
      "categories": [
        "NÁPOJE",
        "LIHOVINY"
      ],
      "prices": [
        {
          "store_name": "Albert",
          "price": 59.9,
          "original_price": null,
          "unit_price": 239.6,
          "unit": "l",
          "package_size": "250 ml, 4,9% alc",
          "condition": "18+"
        }
      ],
      "description": null
    },
    {
      "name": "Bohemilk Gyros bílý sýr s kořením",
      "brand": "Bohemilk",
      "product_url": "https://wolt.com/cs/cze/prague/venue/albert-vinohradska/bohemilk-gyros-bily-syr-s-korenim-itemid-64ca0b7cba162577de489af9",
      "image_url": "https://imageproxy.wolt.com/menu/menu-images/63ad795db242366d1f818f36/29d67d8e-25b4-11f0-ab5f-7ab65bd00c8e_24272919.jpg",
      "categories": [
        "MLÉČNÉ A CHLAZENÉ",
        "SÝRY"
      ],
      "prices": [
        {
          "store_name": "Albert",
          "price": 49.9,
          "original_price": null,
          "unit_price": 399.2,
          "unit": "Kg",
          "package_size": "125 g",
          "condition": null
        }
      ],
      "description": null
    },
    {
      "name": "Pantene Pro-V Intensive Repair šampon",
      "brand": "Pantene",
      "product_url": "https://wolt.com/cs/cze/prague/venue/albert-vinohradska/pantene-pro-v-intensive-repair-sampon-itemid-64ca0b7cba162577de489cea",
      "image_url": "https://imageproxy.wolt.com/menu/menu-images/63ad795db242366d1f818f36/758b7962-bbe4-11ef-91a4-f26a16068083_25476194.jpg",
      "categories": [
        "DROGERIE A KOSMETIKA",
        "PÉČE O VLASY"
      ],
      "prices": [
        {
          "store_name": "Albert",
          "price": 109.9,
          "original_price": null,
          "unit_price": 274.75,
          "unit": "l",
          "package_size": "400 ml",
          "condition": null
        }
      ],
      "description": null
    },
    {
      "name": "Nature's Promise Bio Krupice pohan. bez lepku",
      "brand": "Nature's Promise",
      "product_url": "https://wolt.com/cs/cze/prague/venue/albert-vinohradska/nature-s-promise-bio-krupice-pohan-bez-lepku-itemid-64ca0b7cba162577de489858",
      "image_url": "https://imageproxy.wolt.com/menu/menu-images/63ad795db242366d1f818f36/f006a31e-4804-11ef-8b7b-0a973782bba9_26848723.jpg",
      "categories": [
        "TRVANLIVÉ",
        "RÝŽE A VAŘENÍ"
      ],
      "prices": [
        {
          "store_name": "Albert",
          "price": 56.9,
          "original_price": null,
          "unit_price": 142.25,
          "unit": "Kg",
          "package_size": "400 g",
          "condition": null
        }
      ],
      "description": null
    },
    {
      "name": "Veselá Kráva Tavený sýr se šunkou",
      "brand": "Veselá",
      "product_url": "https://wolt.com/cs/cze/prague/venue/albert-vinohradska/vesela-krava-taveny-syr-se-sunkou-itemid-657233256818b938df947886",
      "image_url": "https://imageproxy.wolt.com/menu/menu-images/64ffec4406cca0140dfab831/66fa351a-8ebc-11ee-b1a2-b29f7f1f7f8d_26841755.jpg",
      "categories": [
        "MLÉČNÉ A CHLAZENÉ",
        "SÝRY"
      ],
      "prices": [
        {
          "store_name": "Albert",
          "price": null,
          "original_price": null,
          "unit_price": 332.5,
          "unit": "Kg",
          "package_size": "120 g",
          "condition": "Sleva"
        }
      ],
      "description": null
    },
    {
      "name": "Perla Decaff instantní káva",
      "brand": "Perla",
      "product_url": "https://wolt.com/cs/cze/prague/venue/albert-vinohradska/perla-decaff-instantni-kava-itemid-64ca0b7cba162577de489a91",
      "image_url": "https://imageproxy.wolt.com/menu/menu-images/63ad795db242366d1f818f36/2b8ac192-ed44-11ef-ac90-9e4250c13a7a_27392348.jpg",
      "categories": [
        "NÁPOJE",
        "KÁVA A ČAJ"
      ],
      "prices": [
        {
          "store_name": "Albert",
          "price": 99.9,
          "original_price": null,
          "unit_price": 999.0,
          "unit": "Kg",
          "package_size": "100 g",
          "condition": null
        }
      ],
      "description": null
    },
    {
      "name": "Albert Šunka standard",
      "brand": "Albert",
      "product_url": "https://wolt.com/cs/cze/prague/venue/albert-vinohradska/albert-sunka-standard-itemid-6601e8fea51566a88b0ab38f",
      "image_url": "https://imageproxy.wolt.com/menu/menu-images/63ad795db242366d1f818f36/224c124e-168e-11ef-b4e6-a6a74290ef75_27808207.jpg",
      "categories": [
        "UZENINY A LAHŮDKY",
        "SALÁMY"
      ],
      "prices": [
        {
          "store_name": "Albert",
          "price": null,
          "original_price": null,
          "unit_price": 179.0,
          "unit": "Kg",
          "package_size": "100 g",
          "condition": "Sleva"
        }
      ],
      "description": null
    },
    {
      "name": "Albert Profiterolky vanilková příchuť",
      "brand": "Albert",
      "product_url": "https://wolt.com/cs/cze/prague/venue/albert-vinohradska/albert-profiterolky-vanilkova-prichut-itemid-6876153a0c6218e9f3e5f42e",
      "image_url": "https://imageproxy.wolt.com/menu/menu-images/64b62ec5e5ab70cdc92e30f0/f43bab44-616e-11f0-b653-1a4b7bc4c499_25709865.jpg",
      "categories": [
        "MRAŽENÉ POTRAVINY",
        "MRAŽENÁ PIZZA A HOTOVÁ JÍDLA"
      ],
      "prices": [
        {
          "store_name": "Albert",
          "price": 54.9,
          "original_price": null,
          "unit_price": 219.6,
          "unit": "Kg",
          "package_size": "250 g",
          "condition": null
        }
      ],
      "description": null
    },
    {
      "name": "Jar Lemon Prostředek na mytí nádobí",
      "brand": "Jar",
      "product_url": "https://wolt.com/cs/cze/prague/venue/albert-vinohradska/jar-lemon-prostredek-na-myti-nadobi-itemid-64ca0b7cba162577de489c37",
      "image_url": "https://imageproxy.wolt.com/menu/menu-images/63ad795db242366d1f818f36/85ee914e-9796-11ef-8070-a6c54ed8f508_24192842.jpg",
      "categories": [
        "DROGERIE A KOSMETIKA",
        "MYTÍ NÁDOBÍ"
      ],
      "prices": [
        {
          "store_name": "Albert",
          "price": 109.9,
          "original_price": null,
          "unit_price": 81.41,
          "unit": "l",
          "package_size": "1,35 l",
          "condition": null
        }
      ],
      "description": null
    },
    {
      "name": "Kofola Original",
      "brand": "Kofola",
      "product_url": "https://wolt.com/cs/cze/prague/venue/albert-vinohradska/kofola-original-itemid-64ca0b7cba162577de488d07",
      "image_url": "https://imageproxy.wolt.com/menu/menu-images/63ad795db242366d1f818f36/cde8528e-5efa-11ef-893f-fa6a203578e9_21950759.jpg",
      "categories": [
        "NÁPOJE",
        "LIMONÁDY"
      ],
      "prices": [
        {
          "store_name": "Albert",
          "price": 26.9,
          "original_price": null,
          "unit_price": 13.45,
          "unit": "l",
          "package_size": "2 l",
          "condition": null
        }
      ],
      "description": null
    },
    {
      "name": "Head & Shoulders Classic Clean šampon proti lupům",
      "brand": "Head",
      "product_url": "https://wolt.com/cs/cze/prague/venue/albert-vinohradska/head-shoulders-classic-clean-sampon-proti-lupum-itemid-64ca0b7cba162577de489dfd",
      "image_url": "https://imageproxy.wolt.com/menu/menu-images/63ad795db242366d1f818f36/27b02c3c-d671-11ee-9e46-06a43c8f26c8_25558623.jpg",
      "categories": [
        "DROGERIE A KOSMETIKA",
        "PÉČE O VLASY"
      ],
      "prices": [
        {
          "store_name": "Albert",
          "price": 159.0,
          "original_price": null,
          "unit_price": 318.0,
          "unit": "l",
          "package_size": "500 ml",
          "condition": null
        }
      ],
      "description": null
    },
    {
      "name": "Bertold světlé nealkoholické",
      "brand": "Bertold",
      "product_url": "https://wolt.com/cs/cze/prague/venue/albert-vinohradska/bertold-svetle-nealkoholicke-itemid-64ca0b7cba162577de489044",
      "image_url": "https://imageproxy.wolt.com/menu/menu-images/63ad795db242366d1f818f36/6200ba60-4e4d-11ef-8843-7ed7b71a5954_27186435.jpg",
      "categories": [
        "NÁPOJE",
        "PIVA"
      ],
      "prices": [
        {
          "store_name": "Albert",
          "price": 11.9,
          "original_price": null,
          "unit_price": 23.8,
          "unit": "l",
          "package_size": "500 ml, 0,5% alc",
          "condition": null
        }
      ],
      "description": null
    },
    {
      "name": "London Fruit & Herb Čaj ovocný výběr",
      "brand": "London",
      "product_url": "https://wolt.com/cs/cze/prague/venue/albert-vinohradska/london-fruit-herb-caj-ovocny-vyber-itemid-64ca0b7cba162577de489beb",
      "image_url": "https://imageproxy.wolt.com/menu/menu-images/64ffec4406cca0140dfab831/da95df86-8eaf-11ee-aeea-76e61dd676ec_23556829.jpg",
      "categories": [
        "NÁPOJE",
        "KÁVA A ČAJ"
      ],
      "prices": [
        {
          "store_name": "Albert",
          "price": 77.9,
          "original_price": null,
          "unit_price": 1947.5,
          "unit": "Kg",
          "package_size": "40 g",
          "condition": null
        }
      ],
      "description": null
    },
    {
      "name": "Popstar Tea ledový čaj broskev a vanilka",
      "brand": "Popstar",
      "product_url": "https://wolt.com/cs/cze/prague/venue/albert-vinohradska/popstar-tea-ledovy-caj-broskev-a-vanilka-itemid-651c870b8bcb062eef30e5b2",
      "image_url": "https://imageproxy.wolt.com/menu/menu-images/64ffec4406cca0140dfab831/15ab0b80-8ecb-11ee-8e87-76a509d9e8d4_27795156.jpg",
      "categories": [
        "NÁPOJE",
        "LIMONÁDY"
      ],
      "prices": [
        {
          "store_name": "Albert",
          "price": 34.9,
          "original_price": null,
          "unit_price": 69.8,
          "unit": "l",
          "package_size": "500 ml",
          "condition": null
        }
      ],
      "description": null
    },
    {
      "name": "Albert 100% Ovocná šťáva ananas",
      "brand": "Albert",
      "product_url": "https://wolt.com/cs/cze/prague/venue/albert-vinohradska/albert-100-ovocna-stava-ananas-itemid-64ca0b7cba162577de489750",
      "image_url": "https://imageproxy.wolt.com/menu/menu-images/63ad795db242366d1f818f36/5fced330-0609-11ef-b3e6-aa80af7bd3f2_27193846.jpg",
      "categories": [
        "NÁPOJE",
        "DŽUSY A NEKTARY"
      ],
      "prices": [
        {
          "store_name": "Albert",
          "price": null,
          "original_price": null,
          "unit_price": 155.0,
          "unit": "l",
          "package_size": "180 ml",
          "condition": "Sleva"
        }
      ],
      "description": null
    },
    {
      "name": "Albert Závin tvarohový",
      "brand": "Albert",
      "product_url": "https://wolt.com/cs/cze/prague/venue/albert-vinohradska/albert-zavin-tvarohovy-itemid-64ca0b7cba162577de48813d",
      "image_url": "https://imageproxy.wolt.com/menu/menu-images/64ffec4406cca0140dfab831/0f8aae8e-8ec3-11ee-96ac-f29ca2c99672_27348772.jpg",
      "categories": [
        "PEKÁRNA A CUKRÁRNA",
        "SLADKÉ PEČIVO BALENÉ"
      ],
      "prices": [
        {
          "store_name": "Albert",
          "price": 47.9,
          "original_price": null,
          "unit_price": 119.75,
          "unit": "Kg",
          "package_size": "400 g",
          "condition": null
        }
      ],
      "description": null
    },
    {
      "name": "Cute Baby Dětské kalhotky plenkové Maxi, velikost 4",
      "brand": "Cute Baby",
      "product_url": "https://wolt.com/cs/cze/prague/venue/albert-vinohradska/cute-baby-detske-kalhotky-plenkove-maxi-velikost-4-itemid-64ca0b7cba162577de488d7d",
      "image_url": "https://imageproxy.wolt.com/menu/menu-images/63ad795db242366d1f818f36/0c64e472-9796-11ef-9e3e-ba351997b87e_27158159.jpg",
      "categories": [
        "DÍTĚ",
        "PLENY A PODLOŽKY"
      ],
      "prices": [
        {
          "store_name": "Albert",
          "price": 199.0,
          "original_price": null,
          "unit_price": 4.52,
          "unit": "ks",
          "package_size": "‪44‬ kusů",
          "condition": null
        }
      ],
      "description": null
    },
    {
      "name": "Albert Kuřecí maso ve skle",
      "brand": "Albert",
      "product_url": "https://wolt.com/cs/cze/prague/venue/albert-vinohradska/albert-kureci-maso-ve-skle-itemid-657233256818b938df948b63",
      "image_url": "https://imageproxy.wolt.com/menu/menu-images/64ffec4406cca0140dfab831/be16fbb2-8ec1-11ee-b349-7639dadf697f_27258200.jpg",
      "categories": [
        "TRVANLIVÉ",
        "KONZERVOVANÉ POTR."
      ],
      "prices": [
        {
          "store_name": "Albert",
          "price": 69.9,
          "original_price": null,
          "unit_price": 233.0,
          "unit": "Kg",
          "package_size": "300 g",
          "condition": null
        }
      ],
      "description": null
    },
    {
      "name": "Nescafé Dolce Gusto Café au Lait Intenso kapsle",
      "brand": "Nescafé",
      "product_url": "https://wolt.com/cs/cze/prague/venue/albert-vinohradska/nescafe-dolce-gusto-cafe-au-lait-intenso-kapsle-itemid-64ca0b7cba162577de48975b",
      "image_url": "https://imageproxy.wolt.com/menu/menu-images/64ffec4406cca0140dfab831/6dabbd92-8ebd-11ee-b9a1-c60fee242f1d_26944715.jpg",
      "categories": [
        "NÁPOJE",
        "KÁVA A ČAJ"
      ],
      "prices": [
        {
          "store_name": "Albert",
          "price": 149.9,
          "original_price": null,
          "unit_price": 9.37,
          "unit": "ks",
          "package_size": "‪16‬ kusů",
          "condition": null
        }
      ],
      "description": null
    },
    {
      "name": "Corega Original extra silný fixační krém",
      "brand": "Corega",
      "product_url": "https://wolt.com/cs/cze/prague/venue/albert-vinohradska/corega-original-extra-silny-fixacni-krem-itemid-64ca0b7cba162577de488f03",
      "image_url": "https://imageproxy.wolt.com/menu/menu-images/64ffec4406cca0140dfab831/dc241710-8eae-11ee-80be-ca6029740ad7_22876997.jpg",
      "categories": [
        "DROGERIE A KOSMETIKA",
        "ÚSTNÍ HYGIENA"
      ],
      "prices": [
        {
          "store_name": "Albert",
          "price": 120.9,
          "original_price": null,
          "unit_price": 3022.5,
          "unit": "Kg",
          "package_size": "40 g",
          "condition": null
        }
      ],
      "description": null
    },
    {
      "name": "Mon Chéri Čokoládové pralinky s likérem",
      "brand": "Mon",
      "product_url": "https://wolt.com/cs/cze/prague/venue/albert-vinohradska/mon-cheri-cokoladove-pralinky-s-likerem-itemid-657233256818b938df9484b2",
      "image_url": "https://imageproxy.wolt.com/menu/menu-images/63ad795db242366d1f818f36/8f15fbec-765b-11ef-9d08-1ab7cbe2838f_24493086.jpg",
      "categories": [
        "TRVANLIVÉ",
        "SLADKOSTI"
      ],
      "prices": [
        {
          "store_name": "Albert",
          "price": 52.9,
          "original_price": null,
          "unit_price": 1017.31,
          "unit": "Kg",
          "package_size": "52 g",
          "condition": null
        }
      ],
      "description": null
    },
    {
      "name": "Bella Teens Sensitive vložky s křidélky",
      "brand": "Bella",
      "product_url": "https://wolt.com/cs/cze/prague/venue/albert-vinohradska/bella-teens-sensitive-vlozky-s-kridelky-itemid-657233256818b938df9479fe",
      "image_url": "https://imageproxy.wolt.com/menu/menu-images/64ffec4406cca0140dfab831/1035017c-8eb9-11ee-babe-76d18bdc0849_26362724.jpg",
      "categories": [
        "DROGERIE A KOSMETIKA",
        "DÁMSKÉ HYG. POTŘEBY"
      ],
      "prices": [
        {
          "store_name": "Albert",
          "price": 34.9,
          "original_price": null,
          "unit_price": 3.49,
          "unit": "ks",
          "package_size": "‪10‬ kusů",
          "condition": null
        }
      ],
      "description": null
    },
    {
      "name": "Vaječný Sen Originál 15%",
      "brand": "Vaječný",
      "product_url": "https://wolt.com/cs/cze/prague/venue/albert-vinohradska/vajecny-sen-original-15-itemid-64ca0b7cba162577de48a126",
      "image_url": "https://imageproxy.wolt.com/menu/menu-images/64ffec4406cca0140dfab831/26f22c8c-8ebe-11ee-bcb5-0e9fc0f27358_26994871.jpg",
      "categories": [
        "NÁPOJE",
        "LIHOVINY"
      ],
      "prices": [
        {
          "store_name": "Albert",
          "price": 169.0,
          "original_price": null,
          "unit_price": 338.0,
          "unit": "l",
          "package_size": "500 ml, 15% alc",
          "condition": "18+"
        }
      ],
      "description": null
    },
    {
      "name": "Milka Choco & Cake s čokoládovou náplní",
      "brand": "Milka",
      "product_url": "https://wolt.com/cs/cze/prague/venue/albert-vinohradska/milka-choco-cake-s-cokoladovou-naplni-itemid-64ca0b7cba162577de4896b6",
      "image_url": "https://imageproxy.wolt.com/menu/menu-images/63ad795db242366d1f818f36/3a15a686-9796-11ef-be62-bee4efe6b369_26165721.jpg",
      "categories": [
        "TRVANLIVÉ",
        "SLADKOSTI"
      ],
      "prices": [
        {
          "store_name": "Albert",
          "price": 62.9,
          "original_price": null,
          "unit_price": 359.43,
          "unit": "Kg",
          "package_size": "175 g",
          "condition": null
        }
      ],
      "description": null
    },
    {
      "name": "Ölz Závin makový",
      "brand": "Ölz",
      "product_url": "https://wolt.com/cs/cze/prague/venue/albert-vinohradska/olz-zavin-makovy-itemid-64ca0b7cba162577de489701",
      "image_url": "https://imageproxy.wolt.com/menu/menu-images/64ffec4406cca0140dfab831/a2751df8-8eb7-11ee-aa95-9e446d541704_25969733.jpg",
      "categories": [
        "PEKÁRNA A CUKRÁRNA",
        "SLADKÉ PEČIVO BALENÉ"
      ],
      "prices": [
        {
          "store_name": "Albert",
          "price": 53.9,
          "original_price": null,
          "unit_price": 154.0,
          "unit": "Kg",
          "package_size": "350 g",
          "condition": null
        }
      ],
      "description": null
    },
    {
      "name": "Dr. Oetker Vanilkový lusk Bourbon",
      "brand": "Dr. Oetker",
      "product_url": "https://wolt.com/cs/cze/prague/venue/albert-vinohradska/dr-oetker-vanilkovy-lusk-bourbon-itemid-64ca0b7cba162577de489a57",
      "image_url": "https://imageproxy.wolt.com/menu/menu-images/63ad795db242366d1f818f36/27240d18-a8ea-11f0-8a97-7a4d36401dba_27184950.jpg",
      "categories": [
        "TRVANLIVÉ",
        "KOŘENÍ A OCHUCOVADLA"
      ],
      "prices": [
        {
          "store_name": "Albert",
          "price": 129.9,
          "original_price": null,
          "unit_price": 64950.0,
          "unit": "Kg",
          "package_size": "2 g",
          "condition": null
        }
      ],
      "description": null
    },
    {
      "name": "Albert Baby špenát",
      "brand": "Albert",
      "product_url": "https://wolt.com/cs/cze/prague/venue/albert-vinohradska/albert-baby-spenat-itemid-64ca0b7cba162577de48834d",
      "image_url": "https://imageproxy.wolt.com/menu/menu-images/64ffec4406cca0140dfab831/79e9d442-8ebb-11ee-873a-16e6bf59122a_26775524.jpg",
      "categories": [
        "OVOCE A ZELENINA",
        "ZELENINA"
      ],
      "prices": [
        {
          "store_name": "Albert",
          "price": 34.9,
          "original_price": null,
          "unit_price": 279.2,
          "unit": "Kg",
          "package_size": "125 g",
          "condition": null
        }
      ],
      "description": null
    },
    {
      "name": "Starobrno Bitr extra hořký ležák",
      "brand": "Starobrno",
      "product_url": "https://wolt.com/cs/cze/prague/venue/albert-vinohradska/starobrno-bitr-extra-horky-lezak-itemid-64ca0b7cba162577de48917e",
      "image_url": "https://imageproxy.wolt.com/menu/menu-images/63ad795db242366d1f818f36/44f5ee58-d671-11ee-a386-f69d49f3102c_27386620.jpg",
      "categories": [
        "NÁPOJE",
        "PIVA"
      ],
      "prices": [
        {
          "store_name": "Albert",
          "price": 15.9,
          "original_price": null,
          "unit_price": 31.8,
          "unit": "l",
          "package_size": "500 ml, 4,6% alc",
          "condition": "18+"
        }
      ],
      "description": null
    },
    {
      "name": "Jacobs Krönung instantní káva",
      "brand": "Jacobs",
      "product_url": "https://wolt.com/cs/cze/prague/venue/albert-vinohradska/jacobs-kronung-instantni-kava-itemid-64ca0b7cba162577de4892a3",
      "image_url": "https://imageproxy.wolt.com/menu/menu-images/64ffec4406cca0140dfab831/6830f3fa-8eae-11ee-b10e-9a472ccb949a_22318114.jpg",
      "categories": [
        "NÁPOJE",
        "KÁVA A ČAJ"
      ],
      "prices": [
        {
          "store_name": "Albert",
          "price": 189.0,
          "original_price": null,
          "unit_price": 945.0,
          "unit": "Kg",
          "package_size": "200 g",
          "condition": null
        }
      ],
      "description": null
    },
    {
      "name": "Vincentka",
      "brand": "Vincentka",
      "product_url": "https://wolt.com/cs/cze/prague/venue/albert-vinohradska/vincentka-itemid-64ca0b7cba162577de488a5d",
      "image_url": "https://imageproxy.wolt.com/menu/menu-images/63ad795db242366d1f818f36/8e9cb8dc-be3e-11f0-b889-f62c6fdba826_23948563.jpg",
      "categories": [
        "NÁPOJE",
        "VODY A MINERÁLKY"
      ],
      "prices": [
        {
          "store_name": "Albert",
          "price": 53.9,
          "original_price": null,
          "unit_price": 77.0,
          "unit": "l",
          "package_size": "700 ml",
          "condition": null
        }
      ],
      "description": null
    },
    {
      "name": "Franz Josef Kaiser Tuňák steak ve sluneč. oleji",
      "brand": "Franz Josef Kaiser",
      "product_url": "https://wolt.com/cs/cze/prague/venue/albert-vinohradska/franz-josef-kaiser-tunak-steak-ve-slunec-oleji-itemid-64ca0b7cba162577de488459",
      "image_url": "https://imageproxy.wolt.com/menu/menu-images/64ffec4406cca0140dfab831/006966f0-8eb1-11ee-9050-e6fbf8d3c3b0_24179287.jpg",
      "categories": [
        "TRVANLIVÉ",
        "KONZERVOVANÉ POTR."
      ],
      "prices": [
        {
          "store_name": "Albert",
          "price": 44.9,
          "original_price": null,
          "unit_price": 374.17,
          "unit": "Kg",
          "package_size": "120 g",
          "condition": null
        }
      ],
      "description": null
    },
    {
      "name": "Albert Excellent Drůbeží salámek",
      "brand": "Albert Excellent",
      "product_url": "https://wolt.com/cs/cze/prague/venue/albert-vinohradska/albert-excellent-drubezi-salamek-itemid-657233256818b938df948c60",
      "image_url": "https://imageproxy.wolt.com/menu/menu-images/64ffec4406cca0140dfab831/4cc55cb4-8ec7-11ee-8a4d-9a1f6ae41663_27651315.jpg",
      "categories": [
        "UZENINY A LAHŮDKY",
        "SALÁMY"
      ],
      "prices": [
        {
          "store_name": "Albert",
          "price": 59.9,
          "original_price": null,
          "unit_price": 570.48,
          "unit": "Kg",
          "package_size": "105 g",
          "condition": null
        }
      ],
      "description": null
    },
    {
      "name": "Albert Kukuřice cukrová",
      "brand": "Albert",
      "product_url": "https://wolt.com/cs/cze/prague/venue/albert-vinohradska/albert-kukurice-cukrova-itemid-6876153a0c6218e9f3e5f434",
      "image_url": "https://imageproxy.wolt.com/menu/menu-images/64b62ec5e5ab70cdc92e30f0/fa8ace44-616e-11f0-ab96-0e6ec821f888_26364957.jpg",
      "categories": [
        "MRAŽENÉ POTRAVINY",
        "MRAŽENÉ OVOCE A ZELENINA"
      ],
      "prices": [
        {
          "store_name": "Albert",
          "price": 26.9,
          "original_price": null,
          "unit_price": 76.86,
          "unit": "Kg",
          "package_size": "350 g",
          "condition": null
        }
      ],
      "description": null
    },
    {
      "name": "Sommelier Collection Svatovavřinecké jakostní",
      "brand": "Sommelier",
      "product_url": "https://wolt.com/cs/cze/prague/venue/albert-vinohradska/sommelier-collection-svatovavrinecke-jakostni-itemid-64ca0b7cba162577de48a393",
      "image_url": "https://imageproxy.wolt.com/menu/menu-images/64ffec4406cca0140dfab831/9dd0f232-8ec5-11ee-863f-f20dec45ea3c_27557921.jpg",
      "categories": [
        "NÁPOJE",
        "VÍNA"
      ],
      "prices": [
        {
          "store_name": "Albert",
          "price": 139.9,
          "original_price": null,
          "unit_price": 186.53,
          "unit": "l",
          "package_size": "750 ml, 12% alc",
          "condition": "18+"
        }
      ],
      "description": null
    },
    {
      "name": "Efko Okurky delikates 6-9 cm",
      "brand": "Efko",
      "product_url": "https://wolt.com/cs/cze/prague/venue/albert-vinohradska/efko-okurky-delikates-6-9-cm-itemid-64ca0b7cba162577de4894bb",
      "image_url": "https://imageproxy.wolt.com/menu/menu-images/64ffec4406cca0140dfab831/ce63d59a-8eac-11ee-8942-06dbe2f769e5_20324858.jpg",
      "categories": [
        "TRVANLIVÉ",
        "KONZERVOVANÉ POTR."
      ],
      "prices": [
        {
          "store_name": "Albert",
          "price": 179.0,
          "original_price": null,
          "unit_price": 205.75,
          "unit": "Kg",
          "package_size": "870 g",
          "condition": null
        }
      ],
      "description": null
    },
    {
      "name": "Ahmad Tea Ovocný čaj lesní plody",
      "brand": "Ahmad",
      "product_url": "https://wolt.com/cs/cze/prague/venue/albert-vinohradska/ahmad-tea-ovocny-caj-lesni-plody-itemid-64ca0b7cba162577de489c0a",
      "image_url": "https://imageproxy.wolt.com/menu/menu-images/64ffec4406cca0140dfab831/ca108270-8eb3-11ee-94de-c64f1deb8de2_25143935.jpg",
      "categories": [
        "NÁPOJE",
        "KÁVA A ČAJ"
      ],
      "prices": [
        {
          "store_name": "Albert",
          "price": 81.9,
          "original_price": null,
          "unit_price": 2047.5,
          "unit": "Kg",
          "package_size": "40 g",
          "condition": null
        }
      ],
      "description": null
    },
    {
      "name": "Head and Shoulders Deep Hydration šampon",
      "brand": "Head",
      "product_url": "https://wolt.com/cs/cze/prague/venue/albert-vinohradska/head-and-shoulders-deep-hydration-sampon-itemid-64ca0b7cba162577de48a60f",
      "image_url": "https://imageproxy.wolt.com/menu/menu-images/63ad795db242366d1f818f36/3eb6bf86-d671-11ee-b457-f211c001c5ca_27189115.jpg",
      "categories": [
        "DROGERIE A KOSMETIKA",
        "PÉČE O VLASY"
      ],
      "prices": [
        {
          "store_name": "Albert",
          "price": 144.9,
          "original_price": null,
          "unit_price": 362.25,
          "unit": "l",
          "package_size": "400 ml",
          "condition": null
        }
      ],
      "description": null
    },
    {
      "name": "Albert Chléb s kmínem pšenično-žitný, krájený",
      "brand": "Albert",
      "product_url": "https://wolt.com/cs/cze/prague/venue/albert-vinohradska/albert-chleb-s-kminem-psenicno-zitny-krajeny-itemid-64ca0b7cba162577de48842d",
      "image_url": "https://imageproxy.wolt.com/menu/menu-images/64ffec4406cca0140dfab831/159a853e-8eb3-11ee-88ac-8e50ebf9f3ec_24955041.jpg",
      "categories": [
        "PEKÁRNA A CUKRÁRNA",
        "CHLÉB BALENÝ"
      ],
      "prices": [
        {
          "store_name": "Albert",
          "price": 24.9,
          "original_price": null,
          "unit_price": 43.68,
          "unit": "Kg",
          "package_size": "570 g",
          "condition": null
        }
      ],
      "description": null
    },
    {
      "name": "Vanish Oxi Action odstraňovač skvrn sprej",
      "brand": "Vanish",
      "product_url": "https://wolt.com/cs/cze/prague/venue/albert-vinohradska/vanish-oxi-action-odstranovac-skvrn-sprej-itemid-657233256818b938df947e27",
      "image_url": "https://imageproxy.wolt.com/menu/menu-images/64ffec4406cca0140dfab831/fbe56032-8eb2-11ee-9a7e-2e13ed999a8b_24930949.jpg",
      "categories": [
        "DROGERIE A KOSMETIKA",
        "PRACÍ PROSTŘEDKY"
      ],
      "prices": [
        {
          "store_name": "Albert",
          "price": 179.0,
          "original_price": null,
          "unit_price": 358.0,
          "unit": "l",
          "package_size": "500 ml",
          "condition": null
        }
      ],
      "description": null
    },
    {
      "name": "Canti Cabernet Sauvignon",
      "brand": "Canti",
      "product_url": "https://wolt.com/cs/cze/prague/venue/albert-vinohradska/canti-cabernet-sauvignon-itemid-64ca0b7cba162577de488fc1",
      "image_url": "https://imageproxy.wolt.com/menu/menu-images/64ffec4406cca0140dfab831/7808cf0e-8eb9-11ee-b6d3-3ed0b25e551d_26430263.jpg",
      "categories": [
        "NÁPOJE",
        "VÍNA"
      ],
      "prices": [
        {
          "store_name": "Albert",
          "price": null,
          "original_price": null,
          "unit_price": 93.2,
          "unit": "l",
          "package_size": "750 ml, 11,7% alc",
          "condition": "Sleva, 18+"
        }
      ],
      "description": null
    },
    {
      "name": "Velkopopovický Kozel 11 světlý ležák",
      "brand": "Velkopopovický Kozel",
      "product_url": "https://wolt.com/cs/cze/prague/venue/albert-vinohradska/velkopopovicky-kozel-11-svetly-lezak-itemid-64ca0b7cba162577de48902e",
      "image_url": "https://imageproxy.wolt.com/menu/menu-images/63ad795db242366d1f818f36/cfbe746c-ed43-11ef-ac82-f6e6d29a0d5b_24427081.jpg",
      "categories": [
        "NÁPOJE",
        "PIVA"
      ],
      "prices": [
        {
          "store_name": "Albert",
          "price": 17.9,
          "original_price": null,
          "unit_price": 35.8,
          "unit": "l",
          "package_size": "500 ml, 4,6% alc",
          "condition": "18+"
        }
      ],
      "description": null
    },
    {
      "name": "Nature's Promise Bio Cuketa",
      "brand": "Nature's Promise",
      "product_url": "https://wolt.com/cs/cze/prague/venue/albert-vinohradska/nature-s-promise-bio-cuketa-itemid-657233256818b938df9478f8",
      "image_url": "https://imageproxy.wolt.com/menu/menu-images/63ad795db242366d1f818f36/74db9726-8e26-11f0-a44e-0eafb42c0f85_26977775.jpg",
      "categories": [
        "OVOCE A ZELENINA",
        "ZELENINA"
      ],
      "prices": [
        {
          "store_name": "Albert",
          "price": 59.9,
          "original_price": null,
          "unit_price": 119.8,
          "unit": "Kg",
          "package_size": "500 g",
          "condition": null
        }
      ],
      "description": null
    },
    {
      "name": "Albert Tyčinky pro psy s jehněčím",
      "brand": "Albert",
      "product_url": "https://wolt.com/cs/cze/prague/venue/albert-vinohradska/albert-tycinky-pro-psy-s-jehnecim-itemid-64ca0b7cba162577de488b91",
      "image_url": "https://imageproxy.wolt.com/menu/menu-images/63ad795db242366d1f818f36/372f2516-7826-11f0-b6c2-ce3a58662218_26427126.jpg",
      "categories": [
        "ZVÍŘATA",
        "PSI"
      ],
      "prices": [
        {
          "store_name": "Albert",
          "price": 24.9,
          "original_price": null,
          "unit_price": 207.5,
          "unit": "Kg",
          "package_size": "120 g",
          "condition": null
        }
      ],
      "description": null
    },
    {
      "name": "Albert Excellent Zaanlander mladý 48%",
      "brand": "Albert Excellent",
      "product_url": "https://wolt.com/cs/cze/prague/venue/albert-vinohradska/albert-excellent-zaanlander-mlady-48-itemid-657233256818b938df9488bc",
      "image_url": "https://imageproxy.wolt.com/menu/menu-images/63ad795db242366d1f818f36/0cfebb16-bbe4-11ef-a395-6ed9764746e3_27697429.jpg",
      "categories": [
        "MLÉČNÉ A CHLAZENÉ",
        "SÝRY"
      ],
      "prices": [
        {
          "store_name": "Albert",
          "price": 60.97,
          "original_price": null,
          "unit_price": null,
          "unit": null,
          "package_size": null,
          "condition": "Vyprodáno"
        }
      ],
      "description": null
    },
    {
      "name": "Dr. Oetker Želatina v plátcích",
      "brand": "Dr. Oetker",
      "product_url": "https://wolt.com/cs/cze/prague/venue/albert-vinohradska/dr-oetker-zelatina-v-platcich-itemid-64ca0b7cba162577de4898a4",
      "image_url": "https://imageproxy.wolt.com/menu/menu-images/63ad795db242366d1f818f36/fefa2872-a8e9-11f0-91d4-b63c53e8f125_24690331.jpg",
      "categories": [
        "TRVANLIVÉ",
        "PEČENÍ A VAŘENÍ"
      ],
      "prices": [
        {
          "store_name": "Albert",
          "price": 39.9,
          "original_price": null,
          "unit_price": 3990.0,
          "unit": "Kg",
          "package_size": "10 g",
          "condition": null
        }
      ],
      "description": null
    },
    {
      "name": "Arax Černá fazole",
      "brand": "Arax",
      "product_url": "https://wolt.com/cs/cze/prague/venue/albert-vinohradska/arax-cerna-fazole-itemid-6601ea18855bf8084aa86e1d",
      "image_url": "https://imageproxy.wolt.com/menu/menu-images/6601c613e48d1c8d95333085/b0885288-eae3-11ee-a02b-0279839fcf9e_27150719.jpg",
      "categories": [
        "TRVANLIVÉ",
        "RÝŽE A LUŠTENINY"
      ],
      "prices": [
        {
          "store_name": "Albert",
          "price": 34.9,
          "original_price": null,
          "unit_price": 69.8,
          "unit": "Kg",
          "package_size": "500 g",
          "condition": null
        }
      ],
      "description": null
    },
    {
      "name": "Cielo Frizzante Rosé",
      "brand": "Cielo",
      "product_url": "https://wolt.com/cs/cze/prague/venue/albert-vinohradska/cielo-frizzante-rose-itemid-657233256818b938df94789f",
      "image_url": "https://imageproxy.wolt.com/menu/menu-images/64ffec4406cca0140dfab831/5bafa5a2-8ec9-11ee-8915-9ed69e6fc87d_27748657.jpg",
      "categories": [
        "NÁPOJE",
        "VÍNA"
      ],
      "prices": [
        {
          "store_name": "Albert",
          "price": 119.9,
          "original_price": null,
          "unit_price": 159.87,
          "unit": "l",
          "package_size": "750 ml, 11% alc",
          "condition": "18+"
        }
      ],
      "description": null
    },
    {
      "name": "Chupa Chups Lízátko s jahodovou příchutí",
      "brand": "Chupa",
      "product_url": "https://wolt.com/cs/cze/prague/venue/albert-vinohradska/chupa-chups-lizatko-s-jahodovou-prichuti-itemid-64ca0b7cba162577de489440",
      "image_url": "https://imageproxy.wolt.com/menu/menu-images/64ffec4406cca0140dfab831/e7bfa7d0-8eb1-11ee-9053-2e13ed999a8b_24596329.jpg",
      "categories": [
        "TRVANLIVÉ",
        "SLADKOSTI"
      ],
      "prices": [
        {
          "store_name": "Albert",
          "price": 10.9,
          "original_price": null,
          "unit_price": 726.67,
          "unit": "Kg",
          "package_size": "15 g",
          "condition": null
        }
      ],
      "description": null
    },
    {
      "name": "Rodinné vinařství Skoupil Tramín červený",
      "brand": "Rodinné",
      "product_url": "https://wolt.com/cs/cze/prague/venue/albert-vinohradska/rodinne-vinarstvi-skoupil-tramin-cerveny-itemid-657233256818b938df94880b",
      "image_url": "https://imageproxy.wolt.com/menu/menu-images/64ffec4406cca0140dfab831/cc827daa-8ec3-11ee-9ffc-52a4ddf1765f_27425473.jpg",
      "categories": [
        "NÁPOJE",
        "VÍNA"
      ],
      "prices": [
        {
          "store_name": "Albert",
          "price": 279.0,
          "original_price": null,
          "unit_price": 372.0,
          "unit": "l",
          "package_size": "750 ml, 14% alc",
          "condition": "18+"
        }
      ],
      "description": null
    },
    {
      "name": "Loyd Ovocný čaj lesní plody",
      "brand": "Loyd",
      "product_url": "https://wolt.com/cs/cze/prague/venue/albert-vinohradska/loyd-ovocny-caj-lesni-plody-itemid-64ca0b7cba162577de4887e5",
      "image_url": "https://imageproxy.wolt.com/menu/menu-images/64ffec4406cca0140dfab831/869ae32c-8eb9-11ee-b1d2-c6aa6b123400_26446608.jpg",
      "categories": [
        "NÁPOJE",
        "KÁVA A ČAJ"
      ],
      "prices": [
        {
          "store_name": "Albert",
          "price": 44.9,
          "original_price": null,
          "unit_price": 1122.5,
          "unit": "Kg",
          "package_size": "40 g",
          "condition": null
        }
      ],
      "description": null
    },
    {
      "name": "Emco Mysli na zdraví Med a ořechy",
      "brand": "Emco",
      "product_url": "https://wolt.com/cs/cze/prague/venue/albert-vinohradska/emco-mysli-na-zdravi-med-a-orechy-itemid-64ca0b7cba162577de489538",
      "image_url": "https://imageproxy.wolt.com/menu/menu-images/63ad795db242366d1f818f36/119aa6e0-7826-11f0-a8c5-ba80eada4c41_25175707.jpg",
      "categories": [
        "TRVANLIVÉ",
        "MÜSLI A CEREÁLIE"
      ],
      "prices": [
        {
          "store_name": "Albert",
          "price": 125.9,
          "original_price": null,
          "unit_price": 167.87,
          "unit": "Kg",
          "package_size": "750 g",
          "condition": null
        }
      ],
      "description": null
    },
    {
      "name": "Storck Merci Finest Selection pralinky mléčné",
      "brand": "Storck",
      "product_url": "https://wolt.com/cs/cze/prague/venue/albert-vinohradska/storck-merci-finest-selection-pralinky-mlecne-itemid-64ca0b7cba162577de488a43",
      "image_url": "https://imageproxy.wolt.com/menu/menu-images/64ffec4406cca0140dfab831/42ac09b6-8eaf-11ee-9255-1ef82258dff4_23231191.jpg",
      "categories": [
        "TRVANLIVÉ",
        "SLADKOSTI"
      ],
      "prices": [
        {
          "store_name": "Albert",
          "price": 159.0,
          "original_price": null,
          "unit_price": 636.0,
          "unit": "Kg",
          "package_size": "250 g",
          "condition": null
        }
      ],
      "description": null
    },
    {
      "name": "Král Sýrů Hermelín paprika",
      "brand": "Král",
      "product_url": "https://wolt.com/cs/cze/prague/venue/albert-vinohradska/kral-syru-hermelin-paprika-itemid-64ca0b7cba162577de48827b",
      "image_url": "https://imageproxy.wolt.com/menu/menu-images/63ad795db242366d1f818f36/d0b06454-25b3-11f0-b405-1264573cfe78_20294250.jpg",
      "categories": [
        "MLÉČNÉ A CHLAZENÉ",
        "SÝRY"
      ],
      "prices": [
        {
          "store_name": "Albert",
          "price": null,
          "original_price": null,
          "unit_price": 332.5,
          "unit": "Kg",
          "package_size": "120 g",
          "condition": "Sleva"
        }
      ],
      "description": null
    },
    {
      "name": "Schär Maestro Cereale Vícezrnný chléb bez lepku",
      "brand": "Schär",
      "product_url": "https://wolt.com/cs/cze/prague/venue/albert-vinohradska/schar-maestro-cereale-vicezrnny-chleb-bez-lepku-itemid-64ca0b7cba162577de488a6d",
      "image_url": "https://imageproxy.wolt.com/menu/menu-images/63ad795db242366d1f818f36/85f1669c-10f7-11ef-ae84-0e6ae45d0931_26338798.jpg",
      "categories": [
        "PEKÁRNA A CUKRÁRNA",
        "BEZLEPKOVÉ PEČIVO"
      ],
      "prices": [
        {
          "store_name": "Albert",
          "price": null,
          "original_price": null,
          "unit_price": 233.0,
          "unit": "Kg",
          "package_size": "300 g",
          "condition": "Sleva"
        }
      ],
      "description": null
    },
    {
      "name": "Indulona mýdlo Konopné semínko náhradní náplň",
      "brand": "Indulona",
      "product_url": "https://wolt.com/cs/cze/prague/venue/albert-vinohradska/indulona-mydlo-konopne-seminko-nahradni-napln-itemid-681b5abffcbd67bf7a8f4b28",
      "image_url": "https://imageproxy.wolt.com/menu/menu-images/63ad795db242366d1f818f36/f73bb8c8-2b47-11f0-8004-bed04ce221da_27979839.jpg",
      "categories": [
        "DROGERIE A KOSMETIKA",
        "MÝDLA A GELY"
      ],
      "prices": [
        {
          "store_name": "Albert",
          "price": 79.9,
          "original_price": null,
          "unit_price": 159.8,
          "unit": "l",
          "package_size": "500 ml",
          "condition": null
        }
      ],
      "description": null
    },
    {
      "name": "Albert Kyška",
      "brand": "Albert",
      "product_url": "https://wolt.com/cs/cze/prague/venue/albert-vinohradska/albert-kyska-itemid-64ca0b7cba162577de488523",
      "image_url": "https://imageproxy.wolt.com/menu/menu-images/64ffec4406cca0140dfab831/b84776da-8eb2-11ee-8e6e-3ed0b25e551d_24864404.jpg",
      "categories": [
        "MLÉČNÉ A CHLAZENÉ",
        "MLÉČNÉ NÁPOJE"
      ],
      "prices": [
        {
          "store_name": "Albert",
          "price": 18.9,
          "original_price": null,
          "unit_price": 47.25,
          "unit": "Kg",
          "package_size": "400 g",
          "condition": null
        }
      ],
      "description": null
    },
    {
      "name": "Vitana Svíčková omáčka",
      "brand": "Vitana",
      "product_url": "https://wolt.com/cs/cze/prague/venue/albert-vinohradska/vitana-svickova-omacka-itemid-6602104455b5f3d9bd12a6e1",
      "image_url": "https://imageproxy.wolt.com/menu/menu-images/6601c613e48d1c8d95333085/2117b4be-eae2-11ee-aa92-a2932bff438e_20836740.jpg",
      "categories": [
        "TRVANLIVÉ",
        "KOŘENÍ A OCHUCOVADLA"
      ],
      "prices": [
        {
          "store_name": "Albert",
          "price": 34.9,
          "original_price": null,
          "unit_price": 465.33,
          "unit": "Kg",
          "package_size": "75 g",
          "condition": null
        }
      ],
      "description": null
    },
    {
      "name": "Emma Špaldové lupínky jahoda, čokoláda",
      "brand": "Emma",
      "product_url": "https://wolt.com/cs/cze/prague/venue/albert-vinohradska/emma-spaldove-lupinky-jahoda-cokolada-itemid-64ca0b7cba162577de488a39",
      "image_url": "https://imageproxy.wolt.com/menu/menu-images/63ad795db242366d1f818f36/add8da2c-5efa-11ef-9757-9a29fd1d7b21_26255255.jpg",
      "categories": [
        "TRVANLIVÉ",
        "MÜSLI A CEREÁLIE"
      ],
      "prices": [
        {
          "store_name": "Albert",
          "price": 39.9,
          "original_price": null,
          "unit_price": 159.6,
          "unit": "Kg",
          "package_size": "250 g",
          "condition": null
        }
      ],
      "description": null
    },
    {
      "name": "Cibule kuchyňská červená",
      "brand": "Cibule",
      "product_url": "https://wolt.com/cs/cze/prague/venue/albert-vinohradska/cibule-kuchynska-cervena-itemid-68b4ae43cc193cf0c15b196e",
      "image_url": "https://imageproxy.wolt.com/menu/menu-images/6666a3a295b96e9eba377ef3/7fdca5ca-dfb7-11ef-a203-267e19e1e6bb_20446598.jpg",
      "categories": [
        "OVOCE A ZELENINA",
        "ZELENINA"
      ],
      "prices": [
        {
          "store_name": "Albert",
          "price": 3.49,
          "original_price": null,
          "unit_price": null,
          "unit": null,
          "package_size": "~100 g",
          "condition": null
        }
      ],
      "description": null
    },
    {
      "name": "Choceňské tradiční pomazánkové neochucené",
      "brand": "Choceňské",
      "product_url": "https://wolt.com/cs/cze/prague/venue/albert-vinohradska/chocenske-tradicni-pomazankove-neochucene-itemid-64ca0b7cba162577de4886b5",
      "image_url": "https://imageproxy.wolt.com/menu/menu-images/64ffec4406cca0140dfab831/751ecdc2-8eb2-11ee-aa28-9e446d541704_24765657.jpg",
      "categories": [
        "MLÉČNÉ A CHLAZENÉ",
        "MÁSLO A TUKY"
      ],
      "prices": [
        {
          "store_name": "Albert",
          "price": 43.9,
          "original_price": null,
          "unit_price": 292.67,
          "unit": "Kg",
          "package_size": "150 g",
          "condition": null
        }
      ],
      "description": null
    },
    {
      "name": "Cibule lahůdková svazek",
      "brand": "Cibule",
      "product_url": "https://wolt.com/cs/cze/prague/venue/albert-vinohradska/cibule-lahudkova-svazek-itemid-64ca0b7cba162577de48829d",
      "image_url": "https://imageproxy.wolt.com/menu/menu-images/64ffec4406cca0140dfab831/06737ada-8ead-11ee-95d9-1af7753b7a63_20446789.jpg",
      "categories": [
        "OVOCE A ZELENINA",
        "ZELENINA"
      ],
      "prices": [
        {
          "store_name": "Albert",
          "price": 17.9,
          "original_price": null,
          "unit_price": 17.9,
          "unit": "ks",
          "package_size": "‪1‬ kus",
          "condition": "Vyprodáno"
        }
      ],
      "description": null
    },
    {
      "name": "Albert Excellent Zaanlander uleželý 48%",
      "brand": "Albert Excellent",
      "product_url": "https://wolt.com/cs/cze/prague/venue/albert-vinohradska/albert-excellent-zaanlander-ulezely-48-itemid-64ca0b7cba162577de489b43",
      "image_url": "https://imageproxy.wolt.com/menu/menu-images/63ad795db242366d1f818f36/64da8874-bbe4-11ef-9b11-12a6d8d82110_26058795.jpg",
      "categories": [
        "MLÉČNÉ A CHLAZENÉ",
        "SÝRY"
      ],
      "prices": [
        {
          "store_name": "Albert",
          "price": 169.66,
          "original_price": null,
          "unit_price": null,
          "unit": null,
          "package_size": null,
          "condition": "Vyprodáno"
        }
      ],
      "description": null
    },
    {
      "name": "Rio Mare Insalatissime Tuňák se zeleninou",
      "brand": "Rio Mare",
      "product_url": "https://wolt.com/cs/cze/prague/venue/albert-vinohradska/rio-mare-insalatissime-tunak-se-zeleninou-itemid-657233256818b938df947851",
      "image_url": "https://imageproxy.wolt.com/menu/menu-images/63ad795db242366d1f818f36/c1e6c132-5efa-11ef-b72c-962efbb89caa_23900820.jpg",
      "categories": [
        "TRVANLIVÉ",
        "KONZERVOVANÉ POTR."
      ],
      "prices": [
        {
          "store_name": "Albert",
          "price": 99.9,
          "original_price": null,
          "unit_price": 624.38,
          "unit": "Kg",
          "package_size": "160 g",
          "condition": null
        }
      ],
      "description": null
    },
    {
      "name": "Monster Energy Mango Loco",
      "brand": "Monster",
      "product_url": "https://wolt.com/cs/cze/prague/venue/albert-vinohradska/monster-energy-mango-loco-itemid-64ca0b7cba162577de4889d5",
      "image_url": "https://imageproxy.wolt.com/menu/menu-images/64ffec4406cca0140dfab831/84de9208-8ebf-11ee-afc9-aa877d47d6e0_27123065.jpg",
      "categories": [
        "NÁPOJE",
        "ENERGY NÁPOJE"
      ],
      "prices": [
        {
          "store_name": "Albert",
          "price": 29.9,
          "original_price": null,
          "unit_price": 59.8,
          "unit": "l",
          "package_size": "500 ml",
          "condition": null
        }
      ],
      "description": null
    },
    {
      "name": "Whiskas Pure Delight mixovaný výběr v želé",
      "brand": "Whiskas",
      "product_url": "https://wolt.com/cs/cze/prague/venue/albert-vinohradska/whiskas-pure-delight-mixovany-vyber-v-zele-itemid-64ca0b7cba162577de48a341",
      "image_url": "https://imageproxy.wolt.com/menu/menu-images/64ffec4406cca0140dfab831/c0672f84-8ec8-11ee-9819-8a2356a84f6b_27729694.jpg",
      "categories": [
        "ZVÍŘATA",
        "KOČKY"
      ],
      "prices": [
        {
          "store_name": "Albert",
          "price": 189.0,
          "original_price": null,
          "unit_price": 185.29,
          "unit": "Kg",
          "package_size": "1,02 kg",
          "condition": null
        }
      ],
      "description": null
    },
    {
      "name": "FuzeTea Citrus zelený ledový čaj",
      "brand": "FuzeTea",
      "product_url": "https://wolt.com/cs/cze/prague/venue/albert-vinohradska/fuzetea-citrus-zeleny-ledovy-caj-itemid-64ca0b7cba162577de48a0d8",
      "image_url": "https://imageproxy.wolt.com/menu/menu-images/63ad795db242366d1f818f36/490408a0-bbe4-11ef-9618-5a0f5c178e5f_26915395.jpg",
      "categories": [
        "NÁPOJE",
        "LIMONÁDY"
      ],
      "prices": [
        {
          "store_name": "Albert",
          "price": 29.9,
          "original_price": null,
          "unit_price": 59.8,
          "unit": "l",
          "package_size": "500 ml",
          "condition": null
        }
      ],
      "description": null
    },
    {
      "name": "Kucharek Ochucovadlo zeleninové",
      "brand": "Kucharek",
      "product_url": "https://wolt.com/cs/cze/prague/venue/albert-vinohradska/kucharek-ochucovadlo-zeleninove-itemid-64ca0b7cba162577de48969a",
      "image_url": "https://imageproxy.wolt.com/menu/menu-images/64ffec4406cca0140dfab831/c5730ec0-8eb0-11ee-8eca-8e381a14ed80_23996359.jpg",
      "categories": [
        "TRVANLIVÉ",
        "KOŘENÍ A OCHUCOVADLA"
      ],
      "prices": [
        {
          "store_name": "Albert",
          "price": 28.9,
          "original_price": null,
          "unit_price": 144.5,
          "unit": "Kg",
          "package_size": "200 g",
          "condition": null
        }
      ],
      "description": null
    },
    {
      "name": "Lavazza Caffe Espresso zrnková káva",
      "brand": "Lavazza",
      "product_url": "https://wolt.com/cs/cze/prague/venue/albert-vinohradska/lavazza-caffe-espresso-zrnkova-kava-itemid-64ca0b7cba162577de489c73",
      "image_url": "https://imageproxy.wolt.com/menu/menu-images/64ffec4406cca0140dfab831/4667194a-8eb1-11ee-bc4c-eadf6ce36c9d_24257992.jpg",
      "categories": [
        "NÁPOJE",
        "KÁVA A ČAJ"
      ],
      "prices": [
        {
          "store_name": "Albert",
          "price": 229.0,
          "original_price": null,
          "unit_price": 916.0,
          "unit": "Kg",
          "package_size": "250 g",
          "condition": null
        }
      ],
      "description": null
    },
    {
      "name": "Vitana Medvědí česnek",
      "brand": "Vitana",
      "product_url": "https://wolt.com/cs/cze/prague/venue/albert-vinohradska/vitana-medvedi-cesnek-itemid-64ca0b7cba162577de489f74",
      "image_url": "https://imageproxy.wolt.com/menu/menu-images/64ffec4406cca0140dfab831/b5fe8b74-8ebd-11ee-ad93-cae320ae1b7e_26962535.jpg",
      "categories": [
        "TRVANLIVÉ",
        "KOŘENÍ A OCHUCOVADLA"
      ],
      "prices": [
        {
          "store_name": "Albert",
          "price": 24.9,
          "original_price": null,
          "unit_price": 6225.0,
          "unit": "Kg",
          "package_size": "4 g",
          "condition": null
        }
      ],
      "description": null
    },
    {
      "name": "Albert Excellent Tapas Olivy s bazalkou",
      "brand": "Albert Excellent",
      "product_url": "https://wolt.com/cs/cze/prague/venue/albert-vinohradska/albert-excellent-tapas-olivy-s-bazalkou-itemid-64ca0b7cba162577de489aa0",
      "image_url": "https://imageproxy.wolt.com/menu/menu-images/63ad795db242366d1f818f36/9590879c-8e26-11f0-815a-da8e54f0fe20_27643624.jpg",
      "categories": [
        "UZENINY A LAHŮDKY",
        "TAPAS"
      ],
      "prices": [
        {
          "store_name": "Albert",
          "price": 69.0,
          "original_price": null,
          "unit_price": 530.77,
          "unit": "Kg",
          "package_size": "130 g",
          "condition": null
        }
      ],
      "description": null
    },
    {
      "name": "Mlékárna Kunín Čerstvé mléko polotučné",
      "brand": "Mlékárna Kunín",
      "product_url": "https://wolt.com/cs/cze/prague/venue/albert-vinohradska/mlekarna-kunin-cerstve-mleko-polotucne-itemid-64ca0b7cba162577de48958f",
      "image_url": "https://imageproxy.wolt.com/menu/menu-images/64ffec4406cca0140dfab831/f17ce422-8eb6-11ee-a30b-96ff514b0205_25865110.jpg",
      "categories": [
        "MLÉČNÉ A CHLAZENÉ",
        "MLÉČNÉ NÁPOJE"
      ],
      "prices": [
        {
          "store_name": "Albert",
          "price": 29.9,
          "original_price": null,
          "unit_price": 29.9,
          "unit": "l",
          "package_size": "1 l",
          "condition": null
        }
      ],
      "description": null
    },
    {
      "name": "Dr. Oetker Smeta-fix",
      "brand": "Dr. Oetker",
      "product_url": "https://wolt.com/cs/cze/prague/venue/albert-vinohradska/dr-oetker-smeta-fix-itemid-64ca0b7cba162577de489017",
      "image_url": "https://imageproxy.wolt.com/menu/menu-images/63ad795db242366d1f818f36/ec821b5a-a8e9-11f0-a66b-e6fe0ee7cc9d_20322090.jpg",
      "categories": [
        "TRVANLIVÉ",
        "PEČENÍ A VAŘENÍ"
      ],
      "prices": [
        {
          "store_name": "Albert",
          "price": 5.9,
          "original_price": null,
          "unit_price": 590.0,
          "unit": "Kg",
          "package_size": "10 g",
          "condition": null
        }
      ],
      "description": null
    },
    {
      "name": "Vitto Tea Pravý čínský zelený čaj sypaný",
      "brand": "Vitto",
      "product_url": "https://wolt.com/cs/cze/prague/venue/albert-vinohradska/vitto-tea-pravy-cinsky-zeleny-caj-sypany-itemid-64ca0b7cba162577de489c15",
      "image_url": "https://imageproxy.wolt.com/menu/menu-images/64ffec4406cca0140dfab831/f4e9e71a-8eaf-11ee-a6d6-76e61dd676ec_23592964.jpg",
      "categories": [
        "NÁPOJE",
        "KÁVA A ČAJ"
      ],
      "prices": [
        {
          "store_name": "Albert",
          "price": 47.9,
          "original_price": null,
          "unit_price": 598.75,
          "unit": "Kg",
          "package_size": "80 g",
          "condition": null
        }
      ],
      "description": null
    },
    {
      "name": "Lučina Nadýchaná se smetanou",
      "brand": "Lučina",
      "product_url": "https://wolt.com/cs/cze/prague/venue/albert-vinohradska/lucina-nadychana-se-smetanou-itemid-64ca0b7cba162577de4892b3",
      "image_url": "https://imageproxy.wolt.com/menu/menu-images/63ad795db242366d1f818f36/cfb47e94-0608-11ef-b25d-52062df3272c_26630052.jpg",
      "categories": [
        "MLÉČNÉ A CHLAZENÉ",
        "SÝRY"
      ],
      "prices": [
        {
          "store_name": "Albert",
          "price": 54.9,
          "original_price": null,
          "unit_price": 392.14,
          "unit": "Kg",
          "package_size": "140 g",
          "condition": null
        }
      ],
      "description": null
    },
    {
      "name": "Kornbageta s kváskem",
      "brand": "Kornbageta",
      "product_url": "https://wolt.com/cs/cze/prague/venue/albert-vinohradska/kornbageta-s-kvaskem-itemid-64ca0b7cba162577de48812f",
      "image_url": "https://imageproxy.wolt.com/menu/menu-images/64ffec4406cca0140dfab831/cb6149e0-8ec5-11ee-abee-2289f94b8ae4_27577035.jpg",
      "categories": [
        "PEKÁRNA A CUKRÁRNA",
        "SLANÉ PEČIVO VOLNÉ"
      ],
      "prices": [
        {
          "store_name": "Albert",
          "price": 14.9,
          "original_price": null,
          "unit_price": 129.57,
          "unit": "Kg",
          "package_size": "115 g",
          "condition": null
        }
      ],
      "description": null
    },
    {
      "name": "Česká chuť Mouka polohrubá pšeničná",
      "brand": "Česká chuť",
      "product_url": "https://wolt.com/cs/cze/prague/venue/albert-vinohradska/ceska-chut-mouka-polohruba-psenicna-itemid-64ca0b7cba162577de4895bc",
      "image_url": "https://imageproxy.wolt.com/menu/menu-images/64ffec4406cca0140dfab831/8a6685a4-8ebb-11ee-98f8-b6ff72c7a500_26778518.jpg",
      "categories": [
        "TRVANLIVÉ",
        "PEČENÍ A VAŘENÍ"
      ],
      "prices": [
        {
          "store_name": "Albert",
          "price": 27.9,
          "original_price": null,
          "unit_price": 27.9,
          "unit": "Kg",
          "package_size": "1 kg",
          "condition": null
        }
      ],
      "description": null
    },
    {
      "name": "Hollandia Selský jogurt malina",
      "brand": "Hollandia",
      "product_url": "https://wolt.com/cs/cze/prague/venue/albert-vinohradska/hollandia-selsky-jogurt-malina-itemid-64ca0b7cba162577de488435",
      "image_url": "https://imageproxy.wolt.com/menu/menu-images/63ad795db242366d1f818f36/44f56360-1c04-11ef-b770-ce5debbcdd35_25552935.jpg",
      "categories": [
        "MLÉČNÉ A CHLAZENÉ",
        "JOGURTY A DEZERTY"
      ],
      "prices": [
        {
          "store_name": "Albert",
          "price": 21.9,
          "original_price": null,
          "unit_price": 109.5,
          "unit": "Kg",
          "package_size": "200 g",
          "condition": null
        }
      ],
      "description": null
    },
    {
      "name": "Activia Probio jogurtový nápoj broskev, banán",
      "brand": "Activia",
      "product_url": "https://wolt.com/cs/cze/prague/venue/albert-vinohradska/activia-probio-jogurtovy-napoj-broskev-banan-itemid-64ca0b7cba162577de489308",
      "image_url": "https://imageproxy.wolt.com/menu/menu-images/64ffec4406cca0140dfab831/2d8a609c-8ec7-11ee-bd01-bad10d590585_27645376.jpg",
      "categories": [
        "MLÉČNÉ A CHLAZENÉ",
        "MLÉČNÉ NÁPOJE"
      ],
      "prices": [
        {
          "store_name": "Albert",
          "price": 32.9,
          "original_price": null,
          "unit_price": 121.85,
          "unit": "Kg",
          "package_size": "270 g",
          "condition": null
        }
      ],
      "description": null
    },
    {
      "name": "Nature's Promise Bio Sirup javorový",
      "brand": "Nature's Promise",
      "product_url": "https://wolt.com/cs/cze/prague/venue/albert-vinohradska/nature-s-promise-bio-sirup-javorovy-itemid-64ca0b7cba162577de4892cf",
      "image_url": "https://imageproxy.wolt.com/menu/menu-images/64ffec4406cca0140dfab831/02237c96-8ebc-11ee-a1e5-c60fee242f1d_26816357.jpg",
      "categories": [
        "TRVANLIVÉ",
        "PEČENÍ A VAŘENÍ"
      ],
      "prices": [
        {
          "store_name": "Albert",
          "price": 119.9,
          "original_price": null,
          "unit_price": 479.6,
          "unit": "l",
          "package_size": "250 ml",
          "condition": null
        }
      ],
      "description": null
    },
    {
      "name": "Starbucks Espresso Roast Pike Place zrnková káva",
      "brand": "Starbucks",
      "product_url": "https://wolt.com/cs/cze/prague/venue/albert-vinohradska/starbucks-espresso-roast-pike-place-zrnkova-kava-itemid-64ca0b7cba162577de48a6f8",
      "image_url": "https://imageproxy.wolt.com/menu/menu-images/64ffec4406cca0140dfab831/a4fff578-8ec3-11ee-a29f-9a1f6ae41663_27390740.jpg",
      "categories": [
        "NÁPOJE",
        "KÁVA A ČAJ"
      ],
      "prices": [
        {
          "store_name": "Albert",
          "price": 399.0,
          "original_price": null,
          "unit_price": 886.67,
          "unit": "Kg",
          "package_size": "450 g",
          "condition": null
        }
      ],
      "description": null
    },
    {
      "name": "Albert Rozinky v mléčné čokoládě",
      "brand": "Albert",
      "product_url": "https://wolt.com/cs/cze/prague/venue/albert-vinohradska/albert-rozinky-v-mlecne-cokolade-itemid-64ca0b7cba162577de488cb1",
      "image_url": "https://imageproxy.wolt.com/menu/menu-images/63ad795db242366d1f818f36/3eacda7c-7826-11f0-8736-4eac2a3f01cc_26481814.jpg",
      "categories": [
        "OVOCE A ZELENINA",
        "SUCHÉ PLODY"
      ],
      "prices": [
        {
          "store_name": "Albert",
          "price": 49.9,
          "original_price": null,
          "unit_price": 332.67,
          "unit": "Kg",
          "package_size": "150 g",
          "condition": null
        }
      ],
      "description": null
    },
    {
      "name": "Madeta Blaťácké zlato 48%",
      "brand": "Madeta",
      "product_url": "https://wolt.com/cs/cze/prague/venue/albert-vinohradska/madeta-blatacke-zlato-48-itemid-64ca0b7cba162577de48988e",
      "image_url": "https://imageproxy.wolt.com/menu/menu-images/64ffec4406cca0140dfab831/d0f69920-8eb4-11ee-a1fd-ca3c3355ab39_25433685.jpg",
      "categories": [
        "MLÉČNÉ A CHLAZENÉ",
        "SÝRY"
      ],
      "prices": [
        {
          "store_name": "Albert",
          "price": 38.9,
          "original_price": null,
          "unit_price": 324.17,
          "unit": "Kg",
          "package_size": "120 g",
          "condition": null
        }
      ],
      "description": null
    },
    {
      "name": "Old Spice Captain pánský sprchový gel a šampon",
      "brand": "Old",
      "product_url": "https://wolt.com/cs/cze/prague/venue/albert-vinohradska/old-spice-captain-pansky-sprchovy-gel-a-sampon-itemid-64ca0b7cba162577de48a19d",
      "image_url": "https://imageproxy.wolt.com/menu/menu-images/63ad795db242366d1f818f36/3378884e-0609-11ef-b19b-fab54a7e2d05_27093740.jpg",
      "categories": [
        "DROGERIE A KOSMETIKA",
        "MÝDLA A GELY"
      ],
      "prices": [
        {
          "store_name": "Albert",
          "price": 109.9,
          "original_price": null,
          "unit_price": 274.75,
          "unit": "l",
          "package_size": "400 ml",
          "condition": null
        }
      ],
      "description": null
    },
    {
      "name": "Opavia Zlaté Derby sušenky kakaové",
      "brand": "Opavia",
      "product_url": "https://wolt.com/cs/cze/prague/venue/albert-vinohradska/opavia-zlate-derby-susenky-kakaove-itemid-64ca0b7cba162577de488455",
      "image_url": "https://imageproxy.wolt.com/menu/menu-images/63ad795db242366d1f818f36/0f65caa0-d996-11ef-9f31-aeb721cf699d_21355493.jpg",
      "categories": [
        "TRVANLIVÉ",
        "SLADKOSTI"
      ],
      "prices": [
        {
          "store_name": "Albert",
          "price": 34.9,
          "original_price": null,
          "unit_price": 158.64,
          "unit": "Kg",
          "package_size": "220 g",
          "condition": null
        }
      ],
      "description": null
    },
    {
      "name": "Fine Crunchy Snack solený",
      "brand": "Fine Crunchy",
      "product_url": "https://wolt.com/cs/cze/prague/venue/albert-vinohradska/fine-crunchy-snack-soleny-itemid-64ca0b7cba162577de48951b",
      "image_url": "https://imageproxy.wolt.com/menu/menu-images/63ad795db242366d1f818f36/e52be63e-4804-11ef-88ff-0aaae13b9c23_24893923.jpg",
      "categories": [
        "TRVANLIVÉ",
        "SLANÉ"
      ],
      "prices": [
        {
          "store_name": "Albert",
          "price": 26.9,
          "original_price": null,
          "unit_price": 206.92,
          "unit": "Kg",
          "package_size": "130 g",
          "condition": null
        }
      ],
      "description": null
    },
    {
      "name": "Magnum Mini Double Sunlover",
      "brand": "Magnum",
      "product_url": "https://wolt.com/cs/cze/prague/venue/albert-vinohradska/magnum-mini-double-sunlover-itemid-6876153a0c6218e9f3e5f46b",
      "image_url": "https://imageproxy.wolt.com/menu/menu-images/64b62ec5e5ab70cdc92e30f0/1b8dcd76-616f-11f0-b9e4-027e7f03eda2_27706442.jpg",
      "categories": [
        "MRAŽENÉ POTRAVINY",
        "ZMRZLINA A NANUKY"
      ],
      "prices": [
        {
          "store_name": "Albert",
          "price": 194.0,
          "original_price": null,
          "unit_price": 587.88,
          "unit": "l",
          "package_size": "330 ml",
          "condition": null
        }
      ],
      "description": null
    },
    {
      "name": "Nature's Promise Gouda plátky bez laktózy",
      "brand": "Nature's Promise",
      "product_url": "https://wolt.com/cs/cze/prague/venue/albert-vinohradska/nature-s-promise-gouda-platky-bez-laktozy-itemid-64ca0b7cba162577de488fd5",
      "image_url": "https://imageproxy.wolt.com/menu/menu-images/64ffec4406cca0140dfab831/ec61f9ea-8ebc-11ee-a1ba-a6b73cfda2ad_26887241.jpg",
      "categories": [
        "MLÉČNÉ A CHLAZENÉ",
        "SÝRY"
      ],
      "prices": [
        {
          "store_name": "Albert",
          "price": null,
          "original_price": null,
          "unit_price": 329.0,
          "unit": "Kg",
          "package_size": "100 g",
          "condition": "Sleva"
        }
      ],
      "description": null
    },
    {
      "name": "Asia Time Hoisin omáčka",
      "brand": "Asia",
      "product_url": "https://wolt.com/cs/cze/prague/venue/albert-vinohradska/asia-time-hoisin-omacka-itemid-64ca0b7cba162577de48a071",
      "image_url": "https://imageproxy.wolt.com/menu/menu-images/64ffec4406cca0140dfab831/5ca36004-8ebd-11ee-9378-0ada12279bd6_26941226.jpg",
      "categories": [
        "TRVANLIVÉ",
        "MEZINÁRODNÍ KUCHYNĚ"
      ],
      "prices": [
        {
          "store_name": "Albert",
          "price": 44.9,
          "original_price": null,
          "unit_price": 299.33,
          "unit": "l",
          "package_size": "150 ml",
          "condition": null
        }
      ],
      "description": null
    },
    {
      "name": "Monster Energetický nápoj ultra, sycený",
      "brand": "Monster",
      "product_url": "https://wolt.com/cs/cze/prague/venue/albert-vinohradska/monster-energeticky-napoj-ultra-syceny-itemid-64ca0b7cba162577de488957",
      "image_url": "https://imageproxy.wolt.com/menu/menu-images/64ffec4406cca0140dfab831/f338bd56-8eb9-11ee-b24e-2a789dffa3ae_26544021.jpg",
      "categories": [
        "NÁPOJE",
        "ENERGY NÁPOJE"
      ],
      "prices": [
        {
          "store_name": "Albert",
          "price": 29.9,
          "original_price": null,
          "unit_price": 59.8,
          "unit": "l",
          "package_size": "500 ml",
          "condition": null
        }
      ],
      "description": null
    },
    {
      "name": "Albert Sýrové korbáčky neuzené",
      "brand": "Albert",
      "product_url": "https://wolt.com/cs/cze/prague/venue/albert-vinohradska/albert-syrove-korbacky-neuzene-itemid-657233256818b938df947a48",
      "image_url": "https://imageproxy.wolt.com/menu/menu-images/64ffec4406cca0140dfab831/d7d67770-8ec7-11ee-83e4-1601976705be_27685341.jpg",
      "categories": [
        "MLÉČNÉ A CHLAZENÉ",
        "SÝRY"
      ],
      "prices": [
        {
          "store_name": "Albert",
          "price": 38.9,
          "original_price": null,
          "unit_price": 486.25,
          "unit": "Kg",
          "package_size": "80 g",
          "condition": null
        }
      ],
      "description": null
    },
    {
      "name": "Hamé Matěj Pikantní pomazánka na topinky",
      "brand": "Hamé",
      "product_url": "https://wolt.com/cs/cze/prague/venue/albert-vinohradska/hame-matej-pikantni-pomazanka-na-topinky-itemid-651c85aff0fd71c461ffd846",
      "image_url": "https://imageproxy.wolt.com/menu/menu-images/64ffec4406cca0140dfab831/6ca4622c-8eb4-11ee-81b0-02d10f7fce64_25323610.jpg",
      "categories": [
        "UZENINY A LAHŮDKY",
        "SALÁTY A POMAZÁNKY"
      ],
      "prices": [
        {
          "store_name": "Albert",
          "price": 9.9,
          "original_price": null,
          "unit_price": 206.25,
          "unit": "Kg",
          "package_size": "48 g",
          "condition": null
        }
      ],
      "description": null
    },
    {
      "name": "Lučina Nadýchaná s bylinkami",
      "brand": "Lučina",
      "product_url": "https://wolt.com/cs/cze/prague/venue/albert-vinohradska/lucina-nadychana-s-bylinkami-itemid-64ca0b7cba162577de48928a",
      "image_url": "https://imageproxy.wolt.com/menu/menu-images/63ad795db242366d1f818f36/ba729e30-0608-11ef-bd70-9ae8c2bfcc55_26630014.jpg",
      "categories": [
        "MLÉČNÉ A CHLAZENÉ",
        "SÝRY"
      ],
      "prices": [
        {
          "store_name": "Albert",
          "price": 54.9,
          "original_price": null,
          "unit_price": 392.14,
          "unit": "Kg",
          "package_size": "140 g",
          "condition": null
        }
      ],
      "description": null
    },
    {
      "name": "Albert Excellent Gouda kozí mladá 50%",
      "brand": "Albert Excellent",
      "product_url": "https://wolt.com/cs/cze/prague/venue/albert-vinohradska/albert-excellent-gouda-kozi-mlada-50-itemid-64ca0b7cba162577de489b3f",
      "image_url": "https://imageproxy.wolt.com/menu/menu-images/63ad795db242366d1f818f36/62b075d6-bbe4-11ef-a094-ea9d0db48b93_26058849.jpg",
      "categories": [
        "MLÉČNÉ A CHLAZENÉ",
        "SÝRY"
      ],
      "prices": [
        {
          "store_name": "Albert",
          "price": null,
          "original_price": null,
          "unit_price": null,
          "unit": null,
          "package_size": null,
          "condition": "Sleva, Vyprodáno"
        }
      ],
      "description": null
    },
    {
      "name": "YumEarth Bio lízátka mix",
      "brand": "YumEarth",
      "product_url": "https://wolt.com/cs/cze/prague/venue/albert-vinohradska/yumearth-bio-lizatka-mix-itemid-64ca0b7cba162577de48a4b2",
      "image_url": "https://imageproxy.wolt.com/menu/menu-images/64ffec4406cca0140dfab831/497e4952-8ec8-11ee-b6a2-eadfee8d92ce_27712252.jpg",
      "categories": [
        "TRVANLIVÉ",
        "SLADKOSTI"
      ],
      "prices": [
        {
          "store_name": "Albert",
          "price": 129.9,
          "original_price": null,
          "unit_price": 1546.43,
          "unit": "Kg",
          "package_size": "84 g",
          "condition": null
        }
      ],
      "description": null
    },
    {
      "name": "La Bohéma Vaječný likér 15%",
      "brand": "La Bohéma",
      "product_url": "https://wolt.com/cs/cze/prague/venue/albert-vinohradska/la-bohema-vajecny-liker-15-itemid-64ca0b7cba162577de4890c0",
      "image_url": "https://imageproxy.wolt.com/menu/menu-images/64ffec4406cca0140dfab831/8f5db742-8ec2-11ee-9f6d-fae72eeefc2d_27306598.jpg",
      "categories": [
        "NÁPOJE",
        "LIHOVINY"
      ],
      "prices": [
        {
          "store_name": "Albert",
          "price": 109.9,
          "original_price": null,
          "unit_price": 219.8,
          "unit": "l",
          "package_size": "500 ml, 15% alc",
          "condition": "18+"
        }
      ],
      "description": null
    },
    {
      "name": "Emma Rozinky zlaté",
      "brand": "Emma",
      "product_url": "https://wolt.com/cs/cze/prague/venue/albert-vinohradska/emma-rozinky-zlate-itemid-64ca0b7cba162577de4897f4",
      "image_url": "https://imageproxy.wolt.com/menu/menu-images/63ad795db242366d1f818f36/9f9002ec-765b-11ef-b8d2-2e0d5e785ed4_23711563.jpg",
      "categories": [
        "OVOCE A ZELENINA",
        "SUCHÉ PLODY"
      ],
      "prices": [
        {
          "store_name": "Albert",
          "price": 44.9,
          "original_price": null,
          "unit_price": 224.5,
          "unit": "Kg",
          "package_size": "200 g",
          "condition": null
        }
      ],
      "description": null
    },
    {
      "name": "Masna Studená Tataráček Tataráček",
      "brand": "Masna",
      "product_url": "https://wolt.com/cs/cze/prague/venue/albert-vinohradska/masna-studena-tataracek-tataracek-itemid-64ca0b7cba162577de48999b",
      "image_url": "https://imageproxy.wolt.com/menu/menu-images/64ffec4406cca0140dfab831/682ceda0-8eae-11ee-9a94-96106fe39af5_22322951.jpg",
      "categories": [
        "UZENINY A LAHŮDKY",
        "PÁRKY A KLOBÁSY"
      ],
      "prices": [
        {
          "store_name": "Albert",
          "price": 39.9,
          "original_price": null,
          "unit_price": 266.0,
          "unit": "Kg",
          "package_size": "150 g",
          "condition": null
        }
      ],
      "description": null
    },
    {
      "name": "Mitia Silk Satin tekuté mýdlo",
      "brand": "Mitia",
      "product_url": "https://wolt.com/cs/cze/prague/venue/albert-vinohradska/mitia-silk-satin-tekute-mydlo-itemid-64ca0b7cba162577de488e1f",
      "image_url": "https://imageproxy.wolt.com/menu/menu-images/64ffec4406cca0140dfab831/883bc6cc-8eb1-11ee-919e-865f2970631c_24410021.jpg",
      "categories": [
        "DROGERIE A KOSMETIKA",
        "MÝDLA A GELY"
      ],
      "prices": [
        {
          "store_name": "Albert",
          "price": 59.9,
          "original_price": null,
          "unit_price": 59.9,
          "unit": "l",
          "package_size": "1 l",
          "condition": null
        }
      ],
      "description": null
    },
    {
      "name": "Dream&Co Nanuky Bílá čokoláda",
      "brand": "Dream&Co",
      "product_url": "https://wolt.com/cs/cze/prague/venue/albert-vinohradska/dream-co-nanuky-bila-cokolada-itemid-6876153a0c6218e9f3e5f48a",
      "image_url": "https://imageproxy.wolt.com/menu/menu-images/64b62ec5e5ab70cdc92e30f0/2e59f2a4-616f-11f0-87c9-62654d55b531_27829363.jpg",
      "categories": [
        "MRAŽENÉ POTRAVINY",
        "ZMRZLINA A NANUKY"
      ],
      "prices": [
        {
          "store_name": "Albert",
          "price": 124.9,
          "original_price": null,
          "unit_price": 173.47,
          "unit": "l",
          "package_size": "720 ml",
          "condition": null
        }
      ],
      "description": null
    },
    {
      "name": "Dr. Oetker Poleva světlá",
      "brand": "Dr. Oetker",
      "product_url": "https://wolt.com/cs/cze/prague/venue/albert-vinohradska/dr-oetker-poleva-svetla-itemid-64ca0b7cba162577de489d61",
      "image_url": "https://imageproxy.wolt.com/menu/menu-images/63ad795db242366d1f818f36/f64806cc-a8e9-11f0-97d3-0ebae8346adc_22983749.jpg",
      "categories": [
        "TRVANLIVÉ",
        "PEČENÍ A VAŘENÍ"
      ],
      "prices": [
        {
          "store_name": "Albert",
          "price": 39.9,
          "original_price": null,
          "unit_price": 399.0,
          "unit": "Kg",
          "package_size": "100 g",
          "condition": null
        }
      ],
      "description": null
    },
    {
      "name": "Olma Florian smetanový jogurt borůvka",
      "brand": "Olma",
      "product_url": "https://wolt.com/cs/cze/prague/venue/albert-vinohradska/olma-florian-smetanovy-jogurt-boruvka-itemid-64ca0b7cba162577de488203",
      "image_url": "https://imageproxy.wolt.com/menu/menu-images/64ffec4406cca0140dfab831/22c2c20a-8eac-11ee-87ef-2a31a2186d9b_20295615.jpg",
      "categories": [
        "MLÉČNÉ A CHLAZENÉ",
        "JOGURTY A DEZERTY"
      ],
      "prices": [
        {
          "store_name": "Albert",
          "price": null,
          "original_price": null,
          "unit_price": 66.0,
          "unit": "Kg",
          "package_size": "150 g",
          "condition": "Sleva"
        }
      ],
      "description": null
    },
    {
      "name": "Albert Excellent Zaanlander mladý 48%",
      "brand": "Albert Excellent",
      "product_url": "https://wolt.com/cs/cze/prague/venue/albert-vinohradska/albert-excellent-zaanlander-mlady-48-itemid-657233256818b938df948ba2",
      "image_url": "https://imageproxy.wolt.com/menu/menu-images/63ad795db242366d1f818f36/168a904c-bbe4-11ef-b63a-b6458f36dde7_27565452.jpg",
      "categories": [
        "MLÉČNÉ A CHLAZENÉ",
        "SÝRY"
      ],
      "prices": [
        {
          "store_name": "Albert",
          "price": 114.75,
          "original_price": null,
          "unit_price": null,
          "unit": null,
          "package_size": null,
          "condition": "Vyprodáno"
        }
      ],
      "description": null
    },
    {
      "name": "Party drink Paw patrol",
      "brand": "Party",
      "product_url": "https://wolt.com/cs/cze/prague/venue/albert-vinohradska/party-drink-paw-patrol-itemid-657233256818b938df948858",
      "image_url": "https://imageproxy.wolt.com/menu/menu-images/64ffec4406cca0140dfab831/60ebdfde-8ecb-11ee-9546-5a01586eeed4_27804735.jpg",
      "categories": [
        "NÁPOJE",
        "DŽUSY A NEKTARY"
      ],
      "prices": [
        {
          "store_name": "Albert",
          "price": 59.9,
          "original_price": null,
          "unit_price": 79.87,
          "unit": "l",
          "package_size": "750 ml",
          "condition": null
        }
      ],
      "description": null
    },
    {
      "name": "Nature's Promise Bio džem výběrový jahodový",
      "brand": "Nature's Promise",
      "product_url": "https://wolt.com/cs/cze/prague/venue/albert-vinohradska/nature-s-promise-bio-dzem-vyberovy-jahodovy-itemid-64ca0b7cba162577de488dfd",
      "image_url": "https://imageproxy.wolt.com/menu/menu-images/63ad795db242366d1f818f36/78d3b10a-66af-11ef-b0c9-7a8f5d87e44e_27224618.jpg",
      "categories": [
        "TRVANLIVÉ",
        "MEDY A SL. POMAZÁNKY"
      ],
      "prices": [
        {
          "store_name": "Albert",
          "price": null,
          "original_price": null,
          "unit_price": 147.78,
          "unit": "Kg",
          "package_size": "270 g",
          "condition": "Sleva"
        }
      ],
      "description": null
    },
    {
      "name": "Pampers Premium pleny velikost 1",
      "brand": "Pampers",
      "product_url": "https://wolt.com/cs/cze/prague/venue/albert-vinohradska/pampers-premium-pleny-velikost-1-itemid-64ca0b7cba162577de489d56",
      "image_url": "https://imageproxy.wolt.com/menu/menu-images/63ad795db242366d1f818f36/7848c460-9796-11ef-b7c2-8eb840aa905e_24962032.jpg",
      "categories": [
        "DÍTĚ",
        "PLENY A PODLOŽKY"
      ],
      "prices": [
        {
          "store_name": "Albert",
          "price": null,
          "original_price": null,
          "unit_price": 4.85,
          "unit": "ks",
          "package_size": "‪72‬ kusů",
          "condition": "Sleva"
        }
      ],
      "description": null
    },
    {
      "name": "Tchibo Exclusive Medium Roast zrnková káva",
      "brand": "Tchibo",
      "product_url": "https://wolt.com/cs/cze/prague/venue/albert-vinohradska/tchibo-exclusive-medium-roast-zrnkova-kava-itemid-64ca0b7cba162577de489a52",
      "image_url": "https://imageproxy.wolt.com/menu/menu-images/64ffec4406cca0140dfab831/ed8f5584-8ec5-11ee-857f-5e8cfe3fa30b_27588239.jpg",
      "categories": [
        "NÁPOJE",
        "KÁVA A ČAJ"
      ],
      "prices": [
        {
          "store_name": "Albert",
          "price": 649.0,
          "original_price": null,
          "unit_price": 649.0,
          "unit": "Kg",
          "package_size": "1 kg",
          "condition": null
        }
      ],
      "description": null
    },
    {
      "name": "Perla Cafe au lait kapsle",
      "brand": "Perla",
      "product_url": "https://wolt.com/cs/cze/prague/venue/albert-vinohradska/perla-cafe-au-lait-kapsle-itemid-64ca0b7cba162577de489a8d",
      "image_url": "https://imageproxy.wolt.com/menu/menu-images/64ffec4406cca0140dfab831/d5300b6e-8ec5-11ee-a7f0-ce752cd7e428_27577998.jpg",
      "categories": [
        "NÁPOJE",
        "KÁVA A ČAJ"
      ],
      "prices": [
        {
          "store_name": "Albert",
          "price": 109.9,
          "original_price": null,
          "unit_price": 9.16,
          "unit": "ks",
          "package_size": "‪12‬ kusů",
          "condition": null
        }
      ],
      "description": null
    },
    {
      "name": "Yum Yum Instantní polévka příchuť TomYum",
      "brand": "Yum",
      "product_url": "https://wolt.com/cs/cze/prague/venue/albert-vinohradska/yum-yum-instantni-polevka-prichut-tomyum-itemid-657233256818b938df94795d",
      "image_url": "https://imageproxy.wolt.com/menu/menu-images/64ffec4406cca0140dfab831/4d3ed268-8ec4-11ee-bce7-6aec994b6205_27461433.jpg",
      "categories": [
        "TRVANLIVÉ",
        "INSTANTNÍ POKRMY"
      ],
      "prices": [
        {
          "store_name": "Albert",
          "price": 18.9,
          "original_price": null,
          "unit_price": 270.0,
          "unit": "Kg",
          "package_size": "70 g",
          "condition": null
        }
      ],
      "description": null
    },
    {
      "name": "Zlomek&Vávra &Secco",
      "brand": "Zlomek&Vávra",
      "product_url": "https://wolt.com/cs/cze/prague/venue/albert-vinohradska/zlomek-vavra-secco-itemid-657233256818b938df9478a3",
      "image_url": "https://imageproxy.wolt.com/menu/menu-images/64ffec4406cca0140dfab831/7383c47e-8ec9-11ee-9bbd-2e2fd9c09968_27749296.jpg",
      "categories": [
        "NÁPOJE",
        "VÍNA"
      ],
      "prices": [
        {
          "store_name": "Albert",
          "price": 49.9,
          "original_price": null,
          "unit_price": 199.6,
          "unit": "l",
          "package_size": "250 ml, 12% alc",
          "condition": "18+"
        }
      ],
      "description": null
    },
    {
      "name": "Albert Zelí kysané červené",
      "brand": "Albert",
      "product_url": "https://wolt.com/cs/cze/prague/venue/albert-vinohradska/albert-zeli-kysane-cervene-itemid-64ca0b7cba162577de488487",
      "image_url": "https://imageproxy.wolt.com/menu/menu-images/64ffec4406cca0140dfab831/0a226ba0-8ead-11ee-b6cf-ca969f421442_20451462.jpg",
      "categories": [
        "OVOCE A ZELENINA",
        "ZELENINA"
      ],
      "prices": [
        {
          "store_name": "Albert",
          "price": 21.9,
          "original_price": null,
          "unit_price": 62.57,
          "unit": "Kg",
          "package_size": "350 g",
          "condition": null
        }
      ],
      "description": null
    },
    {
      "name": "Choceňský jogurt smetanový bílý",
      "brand": "Choceňský",
      "product_url": "https://wolt.com/cs/cze/prague/venue/albert-vinohradska/chocensky-jogurt-smetanovy-bily-itemid-64ca0b7cba162577de4895a4",
      "image_url": "https://imageproxy.wolt.com/menu/menu-images/64ffec4406cca0140dfab831/de032d22-8eaf-11ee-9d21-0ad9bf6baf5b_23560468.jpg",
      "categories": [
        "MLÉČNÉ A CHLAZENÉ",
        "JOGURTY A DEZERTY"
      ],
      "prices": [
        {
          "store_name": "Albert",
          "price": 34.9,
          "original_price": null,
          "unit_price": 105.76,
          "unit": "Kg",
          "package_size": "330 g",
          "condition": null
        }
      ],
      "description": null
    },
    {
      "name": "Albert Excellent Tapas Hummus natural",
      "brand": "Albert Excellent",
      "product_url": "https://wolt.com/cs/cze/prague/venue/albert-vinohradska/albert-excellent-tapas-hummus-natural-itemid-64ca0b7cba162577de489727",
      "image_url": "https://imageproxy.wolt.com/menu/menu-images/63ad795db242366d1f818f36/92a4c354-8e26-11f0-a984-da2df9998d87_27643518.jpg",
      "categories": [
        "UZENINY A LAHŮDKY",
        "TAPAS"
      ],
      "prices": [
        {
          "store_name": "Albert",
          "price": 69.0,
          "original_price": null,
          "unit_price": 394.29,
          "unit": "Kg",
          "package_size": "175 g",
          "condition": null
        }
      ],
      "description": null
    },
    {
      "name": "Palette Color Creme tmavě mahagonová",
      "brand": "Palette",
      "product_url": "https://wolt.com/cs/cze/prague/venue/albert-vinohradska/palette-color-creme-tmave-mahagonova-itemid-64ca0b7cba162577de489ccf",
      "image_url": "https://imageproxy.wolt.com/menu/menu-images/64ffec4406cca0140dfab831/acc0128a-8eb3-11ee-892d-f6f59196df47_25096897.jpg",
      "categories": [
        "DROGERIE A KOSMETIKA",
        "PÉČE O VLASY"
      ],
      "prices": [
        {
          "store_name": "Albert",
          "price": 119.9,
          "original_price": null,
          "unit_price": 119.9,
          "unit": "ks",
          "package_size": "‪1‬ kus",
          "condition": null
        }
      ],
      "description": null
    },
    {
      "name": "Nature's Promise Bio Cukr kokosový",
      "brand": "Nature's Promise",
      "product_url": "https://wolt.com/cs/cze/prague/venue/albert-vinohradska/nature-s-promise-bio-cukr-kokosovy-itemid-64ca0b7cba162577de48a18b",
      "image_url": "https://imageproxy.wolt.com/menu/menu-images/63ad795db242366d1f818f36/4abe4e72-7826-11f0-8b05-e67677b74be8_26842172.jpg",
      "categories": [
        "TRVANLIVÉ",
        "PEČENÍ A VAŘENÍ"
      ],
      "prices": [
        {
          "store_name": "Albert",
          "price": null,
          "original_price": null,
          "unit_price": 199.6,
          "unit": "Kg",
          "package_size": "250 g",
          "condition": "Sleva"
        }
      ],
      "description": null
    },
    {
      "name": "Doritos Sweet Chilli chipsy",
      "brand": "Doritos",
      "product_url": "https://wolt.com/cs/cze/prague/venue/albert-vinohradska/doritos-sweet-chilli-chipsy-itemid-657233256818b938df9488e3",
      "image_url": "https://imageproxy.wolt.com/menu/menu-images/63ad795db242366d1f818f36/0dd3a512-f8f0-11ef-a814-f2dd4c9cc77b_27802243.jpg",
      "categories": [
        "TRVANLIVÉ",
        "SLANÉ"
      ],
      "prices": [
        {
          "store_name": "Albert",
          "price": 52.9,
          "original_price": null,
          "unit_price": 529.0,
          "unit": "Kg",
          "package_size": "100 g",
          "condition": null
        }
      ],
      "description": null
    },
    {
      "name": "Neutrogena Hydratační tělové mléko s olejem",
      "brand": "Neutrogena",
      "product_url": "https://wolt.com/cs/cze/prague/venue/albert-vinohradska/neutrogena-hydratacni-telove-mleko-s-olejem-itemid-64ca0b7cba162577de489c48",
      "image_url": "https://imageproxy.wolt.com/menu/menu-images/63ad795db242366d1f818f36/de5f1ff8-ed43-11ef-ac63-1aaa0902a182_25311617.jpg",
      "categories": [
        "DROGERIE A KOSMETIKA",
        "PÉČE O PLEŤ"
      ],
      "prices": [
        {
          "store_name": "Albert",
          "price": 219.0,
          "original_price": null,
          "unit_price": 547.5,
          "unit": "l",
          "package_size": "400 ml",
          "condition": null
        }
      ],
      "description": null
    },
    {
      "name": "4Move Vitamin Water Magnesium",
      "brand": "4Move",
      "product_url": "https://wolt.com/cs/cze/prague/venue/albert-vinohradska/4move-vitamin-water-magnesium-itemid-657233256818b938df94858c",
      "image_url": "https://imageproxy.wolt.com/menu/menu-images/6745ec28c3b7723db3588430/1ba08acc-da6b-11f0-a27f-f621ad431cab_27609965.jpg",
      "categories": [
        "NÁPOJE",
        "VODY A MINERÁLKY"
      ],
      "prices": [
        {
          "store_name": "Albert",
          "price": 29.9,
          "original_price": null,
          "unit_price": 53.78,
          "unit": "l",
          "package_size": "556 ml",
          "condition": null
        }
      ],
      "description": null
    },
    {
      "name": "YoPRO Protein puding s karamelovou příchutí",
      "brand": "YoPRO",
      "product_url": "https://wolt.com/cs/cze/prague/venue/albert-vinohradska/yopro-protein-puding-s-karamelovou-prichuti-itemid-657233256818b938df9484af",
      "image_url": "https://imageproxy.wolt.com/menu/menu-images/63ad795db242366d1f818f36/544279ae-2b47-11f0-a1d9-b60ecab990a4_27787137.jpg",
      "categories": [
        "MLÉČNÉ A CHLAZENÉ",
        "JOGURTY A DEZERTY"
      ],
      "prices": [
        {
          "store_name": "Albert",
          "price": 48.9,
          "original_price": null,
          "unit_price": 271.67,
          "unit": "Kg",
          "package_size": "180 g",
          "condition": null
        }
      ],
      "description": null
    },
    {
      "name": "Albert Výcvikový snack pro štěňata",
      "brand": "Albert",
      "product_url": "https://wolt.com/cs/cze/prague/venue/albert-vinohradska/albert-vycvikovy-snack-pro-stenata-itemid-6601e765d1b1507ceb290cca",
      "image_url": "https://imageproxy.wolt.com/menu/menu-images/6601c613e48d1c8d95333085/f94d41fe-eae3-11ee-8d62-d6ce440b79c5_27318140.jpg",
      "categories": [
        "ZVÍŘATA",
        "PSI"
      ],
      "prices": [
        {
          "store_name": "Albert",
          "price": 29.9,
          "original_price": null,
          "unit_price": 299.0,
          "unit": "Kg",
          "package_size": "100 g",
          "condition": null
        }
      ],
      "description": null
    },
    {
      "name": "Hello Ovocný sirup pomeranč",
      "brand": "Hello",
      "product_url": "https://wolt.com/cs/cze/prague/venue/albert-vinohradska/hello-ovocny-sirup-pomeranc-itemid-64ca0b7cba162577de48914c",
      "image_url": "https://imageproxy.wolt.com/menu/menu-images/64ffec4406cca0140dfab831/79e488b4-8eb3-11ee-946b-1e9e4c6f0bda_25053784.jpg",
      "categories": [
        "NÁPOJE",
        "SIRUPY A KONCENTRÁTY"
      ],
      "prices": [
        {
          "store_name": "Albert",
          "price": null,
          "original_price": null,
          "unit_price": 57.0,
          "unit": "l",
          "package_size": "700 ml",
          "condition": "Sleva"
        }
      ],
      "description": null
    },
    {
      "name": "Nestlé Nesquik tyčinka",
      "brand": "Nestlé",
      "product_url": "https://wolt.com/cs/cze/prague/venue/albert-vinohradska/nestle-nesquik-tycinka-itemid-64ca0b7cba162577de488177",
      "image_url": "https://imageproxy.wolt.com/menu/menu-images/64ffec4406cca0140dfab831/e501dfc0-8eae-11ee-ac94-ca775a3f94cd_22889683.jpg",
      "categories": [
        "TRVANLIVÉ",
        "MÜSLI A CEREÁLIE"
      ],
      "prices": [
        {
          "store_name": "Albert",
          "price": 17.9,
          "original_price": null,
          "unit_price": 716.0,
          "unit": "Kg",
          "package_size": "25 g",
          "condition": null
        }
      ],
      "description": null
    },
    {
      "name": "Nature's Promise Bio Kuřecí prsní řízky",
      "brand": "Nature's Promise",
      "product_url": "https://wolt.com/cs/cze/prague/venue/albert-vinohradska/nature-s-promise-bio-kureci-prsni-rizky-itemid-64ca0b7cba162577de488cbf",
      "image_url": "https://imageproxy.wolt.com/menu/menu-images/64ffec4406cca0140dfab831/e620c0cc-8ec4-11ee-9295-222205837f4e_27501061.jpg",
      "categories": [
        "MASO A RYBY",
        "DRŮBEŽ"
      ],
      "prices": [
        {
          "store_name": "Albert",
          "price": null,
          "original_price": null,
          "unit_price": 466.33,
          "unit": "Kg",
          "package_size": "300 g",
          "condition": "Sleva, Vyprodáno"
        }
      ],
      "description": null
    },
    {
      "name": "Perla Bio Aroma zrnková káva",
      "brand": "Perla",
      "product_url": "https://wolt.com/cs/cze/prague/venue/albert-vinohradska/perla-bio-aroma-zrnkova-kava-itemid-64ca0b7cba162577de489315",
      "image_url": "https://imageproxy.wolt.com/menu/menu-images/64ffec4406cca0140dfab831/a1f23d7a-8ec1-11ee-85e0-f29ca2c99672_27257210.jpg",
      "categories": [
        "NÁPOJE",
        "KÁVA A ČAJ"
      ],
      "prices": [
        {
          "store_name": "Albert",
          "price": 369.0,
          "original_price": null,
          "unit_price": 369.0,
          "unit": "Kg",
          "package_size": "1 kg",
          "condition": null
        }
      ],
      "description": null
    },
    {
      "name": "Rummo Spaghetti semolinové těstoviny",
      "brand": "Rummo",
      "product_url": "https://wolt.com/cs/cze/prague/venue/albert-vinohradska/rummo-spaghetti-semolinove-testoviny-itemid-64ca0b7cba162577de489478",
      "image_url": "https://imageproxy.wolt.com/menu/menu-images/64ffec4406cca0140dfab831/2ee7801c-8eba-11ee-83db-2a867062f6f7_26581989.jpg",
      "categories": [
        "TRVANLIVÉ",
        "TĚSTOVINY A KUSKUS"
      ],
      "prices": [
        {
          "store_name": "Albert",
          "price": 77.9,
          "original_price": null,
          "unit_price": 155.8,
          "unit": "Kg",
          "package_size": "500 g",
          "condition": null
        }
      ],
      "description": null
    },
    {
      "name": "Albert Polévka slepičí instantní",
      "brand": "Albert",
      "product_url": "https://wolt.com/cs/cze/prague/venue/albert-vinohradska/albert-polevka-slepici-instantni-itemid-64ca0b7cba162577de488777",
      "image_url": "https://imageproxy.wolt.com/menu/menu-images/64ffec4406cca0140dfab831/890f70f6-8ec2-11ee-a98c-4eeff7c63e9c_27305676.jpg",
      "categories": [
        "TRVANLIVÉ",
        "INSTANTNÍ POKRMY"
      ],
      "prices": [
        {
          "store_name": "Albert",
          "price": 6.9,
          "original_price": null,
          "unit_price": 460.0,
          "unit": "Kg",
          "package_size": "15 g",
          "condition": null
        }
      ],
      "description": null
    },
    {
      "name": "Promise zubní pasta s hřebíčkovým olejem",
      "brand": "Promise",
      "product_url": "https://wolt.com/cs/cze/prague/venue/albert-vinohradska/promise-zubni-pasta-s-hrebickovym-olejem-itemid-64ca0b7cba162577de4892d4",
      "image_url": "https://imageproxy.wolt.com/menu/menu-images/64ffec4406cca0140dfab831/64481584-8eae-11ee-b5d6-c27bf70975f2_22273727.jpg",
      "categories": [
        "DROGERIE A KOSMETIKA",
        "ÚSTNÍ HYGIENA"
      ],
      "prices": [
        {
          "store_name": "Albert",
          "price": 36.9,
          "original_price": null,
          "unit_price": 246.0,
          "unit": "Kg",
          "package_size": "150 g",
          "condition": null
        }
      ],
      "description": null
    },
    {
      "name": "Sardelová pasta s olivovým olejem",
      "brand": "Sardelová",
      "product_url": "https://wolt.com/cs/cze/prague/venue/albert-vinohradska/sardelova-pasta-s-olivovym-olejem-itemid-657233256818b938df947c2f",
      "image_url": "https://imageproxy.wolt.com/menu/menu-images/64ffec4406cca0140dfab831/23c7d968-8eae-11ee-ad8a-ca969f421442_21915543.jpg",
      "categories": [
        "UZENINY A LAHŮDKY",
        "RYBÍ SPECIALITY"
      ],
      "prices": [
        {
          "store_name": "Albert",
          "price": 31.9,
          "original_price": null,
          "unit_price": 531.67,
          "unit": "Kg",
          "package_size": "60 g",
          "condition": "Vyprodáno"
        }
      ],
      "description": null
    },
    {
      "name": "Savo Dezinfekce proti plísním",
      "brand": "Savo",
      "product_url": "https://wolt.com/cs/cze/prague/venue/albert-vinohradska/savo-dezinfekce-proti-plisnim-itemid-64ca0b7cba162577de488db9",
      "image_url": "https://imageproxy.wolt.com/menu/menu-images/6745ec28c3b7723db3588430/091a5ce0-d4fb-11f0-9a15-b64bd6207c31_20694159.jpg",
      "categories": [
        "DROGERIE A KOSMETIKA",
        "ČISTÍCÍ PROSTŘEDKY"
      ],
      "prices": [
        {
          "store_name": "Albert",
          "price": 119.9,
          "original_price": null,
          "unit_price": 239.8,
          "unit": "l",
          "package_size": "500 ml",
          "condition": "Věkové omezení"
        }
      ],
      "description": null
    },
    {
      "name": "Česká chuť Červená řepa plátky",
      "brand": "Česká chuť",
      "product_url": "https://wolt.com/cs/cze/prague/venue/albert-vinohradska/ceska-chut-cervena-repa-platky-itemid-64ca0b7cba162577de48a307",
      "image_url": "https://imageproxy.wolt.com/menu/menu-images/64ffec4406cca0140dfab831/8e4a2428-8ebb-11ee-a133-9ec5d8563a7d_26778761.jpg",
      "categories": [
        "TRVANLIVÉ",
        "KONZERVOVANÉ POTR."
      ],
      "prices": [
        {
          "store_name": "Albert",
          "price": 39.9,
          "original_price": null,
          "unit_price": 101.01,
          "unit": "Kg",
          "package_size": "395 g",
          "condition": null
        }
      ],
      "description": null
    },
    {
      "name": "Somat All in 1 Extra tablety do myčky",
      "brand": "Somat",
      "product_url": "https://wolt.com/cs/cze/prague/venue/albert-vinohradska/somat-all-in-1-extra-tablety-do-mycky-itemid-64ca0b7cba162577de489fe8",
      "image_url": "https://imageproxy.wolt.com/menu/menu-images/6745ec28c3b7723db3588430/5fc8ace2-eb01-11f0-bc1c-d66117b68958_27081440.jpg",
      "categories": [
        "DROGERIE A KOSMETIKA",
        "MYTÍ NÁDOBÍ"
      ],
      "prices": [
        {
          "store_name": "Albert",
          "price": 329.0,
          "original_price": null,
          "unit_price": 4.39,
          "unit": "ks",
          "package_size": "‪75‬ kusů",
          "condition": null
        }
      ],
      "description": null
    },
    {
      "name": "Friskies Funtastix Slanina a sýr",
      "brand": "Friskies",
      "product_url": "https://wolt.com/cs/cze/prague/venue/albert-vinohradska/friskies-funtastix-slanina-a-syr-itemid-6601e9c5855bf8084aa86de5",
      "image_url": "https://imageproxy.wolt.com/menu/menu-images/6601c613e48d1c8d95333085/af5b0db6-eae2-11ee-904a-767946bf8e19_25351002.jpg",
      "categories": [
        "ZVÍŘATA",
        "PSI"
      ],
      "prices": [
        {
          "store_name": "Albert",
          "price": 64.9,
          "original_price": null,
          "unit_price": 370.86,
          "unit": "Kg",
          "package_size": "175 g",
          "condition": null
        }
      ],
      "description": null
    },
    {
      "name": "Boneco Majolka Tradiční majonéza",
      "brand": "Boneco",
      "product_url": "https://wolt.com/cs/cze/prague/venue/albert-vinohradska/boneco-majolka-tradicni-majoneza-itemid-64ca0b7cba162577de4898ce",
      "image_url": "https://imageproxy.wolt.com/menu/menu-images/63ad795db242366d1f818f36/a0558a56-df7c-11ee-938e-bef84f895ead_26017754.jpg",
      "categories": [
        "MLÉČNÉ A CHLAZENÉ",
        "MAJONÉZY A TATARKY"
      ],
      "prices": [
        {
          "store_name": "Albert",
          "price": 54.9,
          "original_price": null,
          "unit_price": 156.86,
          "unit": "l",
          "package_size": "350 ml",
          "condition": null
        }
      ],
      "description": null
    },
    {
      "name": "Giana Fazole v tomatové omáčce",
      "brand": "Giana",
      "product_url": "https://wolt.com/cs/cze/prague/venue/albert-vinohradska/giana-fazole-v-tomatove-omacce-itemid-64ca0b7cba162577de48835f",
      "image_url": "https://imageproxy.wolt.com/menu/menu-images/64ffec4406cca0140dfab831/25fe7826-8eaf-11ee-ab00-361f92ce8d2c_23157736.jpg",
      "categories": [
        "TRVANLIVÉ",
        "KONZERVOVANÉ POTR."
      ],
      "prices": [
        {
          "store_name": "Albert",
          "price": 21.9,
          "original_price": null,
          "unit_price": 53.41,
          "unit": "Kg",
          "package_size": "410 g",
          "condition": null
        }
      ],
      "description": null
    },
    {
      "name": "Astrid Beauty Elixir denní krém proti vráskám",
      "brand": "Astrid",
      "product_url": "https://wolt.com/cs/cze/prague/venue/albert-vinohradska/astrid-beauty-elixir-denni-krem-proti-vraskam-itemid-64ca0b7cba162577de489fee",
      "image_url": "https://imageproxy.wolt.com/menu/menu-images/64ffec4406cca0140dfab831/b9d49d30-8ebb-11ee-abdb-024004d5d6b2_26793566.jpg",
      "categories": [
        "DROGERIE A KOSMETIKA",
        "PÉČE O PLEŤ"
      ],
      "prices": [
        {
          "store_name": "Albert",
          "price": 199.0,
          "original_price": null,
          "unit_price": 3980.0,
          "unit": "l",
          "package_size": "50 ml",
          "condition": null
        }
      ],
      "description": null
    },
    {
      "name": "Nature's Promise Bio Baby Kukuřičné tyčinky",
      "brand": "Nature's Promise",
      "product_url": "https://wolt.com/cs/cze/prague/venue/albert-vinohradska/nature-s-promise-bio-baby-kukuricne-tycinky-itemid-64ca0b7cba162577de488e15",
      "image_url": "https://imageproxy.wolt.com/menu/menu-images/64ffec4406cca0140dfab831/47569bc2-8ec6-11ee-a55f-fe512f326f5c_27607343.jpg",
      "categories": [
        "DÍTĚ",
        "VÝŽIVA"
      ],
      "prices": [
        {
          "store_name": "Albert",
          "price": 29.9,
          "original_price": null,
          "unit_price": 498.33,
          "unit": "Kg",
          "package_size": "60 g",
          "condition": null
        }
      ],
      "description": null
    },
    {
      "name": "Radegast rázná 10 světlé výčepní",
      "brand": "Radegast",
      "product_url": "https://wolt.com/cs/cze/prague/venue/albert-vinohradska/radegast-razna-10-svetle-vycepni-itemid-64ca0b7cba162577de489028",
      "image_url": "https://imageproxy.wolt.com/menu/menu-images/64ffec4406cca0140dfab831/df94c234-8eac-11ee-990e-ee002dc5ca71_20395018.jpg",
      "categories": [
        "NÁPOJE",
        "PIVA"
      ],
      "prices": [
        {
          "store_name": "Albert",
          "price": 17.9,
          "original_price": null,
          "unit_price": 35.8,
          "unit": "l",
          "package_size": "500 ml, 4,1% alc",
          "condition": "18+"
        }
      ],
      "description": null
    },
    {
      "name": "Vitana Tekutá zálivka bylinková",
      "brand": "Vitana",
      "product_url": "https://wolt.com/cs/cze/prague/venue/albert-vinohradska/vitana-tekuta-zalivka-bylinkova-itemid-66020fe2cc3189833843ca96",
      "image_url": "https://imageproxy.wolt.com/menu/menu-images/6601c613e48d1c8d95333085/a7165902-eae3-11ee-a310-0af811d5ce2c_27124178.jpg",
      "categories": [
        "TRVANLIVÉ",
        "KOŘENÍ A OCHUCOVADLA"
      ],
      "prices": [
        {
          "store_name": "Albert",
          "price": 29.9,
          "original_price": null,
          "unit_price": 498.33,
          "unit": "Kg",
          "package_size": "60 g",
          "condition": "Vyprodáno"
        }
      ],
      "description": null
    },
    {
      "name": "Albert Müsli tyčinka meruňková v jogurtu",
      "brand": "Albert",
      "product_url": "https://wolt.com/cs/cze/prague/venue/albert-vinohradska/albert-musli-tycinka-merunkova-v-jogurtu-itemid-657233256818b938df947924",
      "image_url": "https://imageproxy.wolt.com/menu/menu-images/64ffec4406cca0140dfab831/48637efe-8eb2-11ee-bcf8-e2efa80c37b6_24696104.jpg",
      "categories": [
        "TRVANLIVÉ",
        "SLADKOSTI"
      ],
      "prices": [
        {
          "store_name": "Albert",
          "price": 8.7,
          "original_price": null,
          "unit_price": 348.0,
          "unit": "Kg",
          "package_size": "25 g",
          "condition": null
        }
      ],
      "description": null
    },
    {
      "name": "Mléko plnotučné 3,5% trvanlivé, různé druhy",
      "brand": null,
      "product_url": "https://wolt.com/cs/cze/prague/venue/albert-vinohradska/mleko-plnotucne-3-5-trvanlive-ruzne-druhy-itemid-64ca0b7cba162577de488207",
      "image_url": "https://imageproxy.wolt.com/menu/menu-images/64ffec4406cca0140dfab831/2dfdb59c-8eae-11ee-8bf2-0aa88a212956_22010223.jpg",
      "categories": [
        "MLÉČNÉ A CHLAZENÉ",
        "MLÉČNÉ NÁPOJE"
      ],
      "prices": [
        {
          "store_name": "Albert",
          "price": 27.9,
          "original_price": null,
          "unit_price": 27.9,
          "unit": "l",
          "package_size": "1 l",
          "condition": null
        }
      ],
      "description": null
    },
    {
      "name": "Kostelecké Uzeniny Vídeňské párky pro děti",
      "brand": "Kostelecké",
      "product_url": "https://wolt.com/cs/cze/prague/venue/albert-vinohradska/kostelecke-uzeniny-videnske-parky-pro-deti-itemid-64ca0b7cba162577de4884e1",
      "image_url": "https://imageproxy.wolt.com/menu/menu-images/64ffec4406cca0140dfab831/a5a5074e-8eb8-11ee-9779-22a8008f3216_26175669.jpg",
      "categories": [
        "UZENINY A LAHŮDKY",
        "PÁRKY A KLOBÁSY"
      ],
      "prices": [
        {
          "store_name": "Albert",
          "price": 77.9,
          "original_price": null,
          "unit_price": 432.78,
          "unit": "Kg",
          "package_size": "180 g",
          "condition": null
        }
      ],
      "description": null
    },
    {
      "name": "Albert Chlebíčky rýžové s mléčno-kakaovou polevou",
      "brand": "Albert",
      "product_url": "https://wolt.com/cs/cze/prague/venue/albert-vinohradska/albert-chlebicky-ryzove-s-mlecno-kakaovou-polevou-itemid-64ca0b7cba162577de48876f",
      "image_url": "https://imageproxy.wolt.com/menu/menu-images/64ffec4406cca0140dfab831/2a34dcca-8eb7-11ee-a902-7a99d2fb2f9f_25896718.jpg",
      "categories": [
        "PEKÁRNA A CUKRÁRNA",
        "RACIO A KNÄCKEBROT"
      ],
      "prices": [
        {
          "store_name": "Albert",
          "price": 23.9,
          "original_price": null,
          "unit_price": 239.0,
          "unit": "Kg",
          "package_size": "100 g",
          "condition": null
        }
      ],
      "description": null
    },
    {
      "name": "Jihlavanka Standard mletá káva",
      "brand": "Jihlavanka",
      "product_url": "https://wolt.com/cs/cze/prague/venue/albert-vinohradska/jihlavanka-standard-mleta-kava-itemid-657233256818b938df947956",
      "image_url": "https://imageproxy.wolt.com/menu/menu-images/64ffec4406cca0140dfab831/498d5a1a-8eae-11ee-81d3-f2a93e51b7a9_22090317.jpg",
      "categories": [
        "NÁPOJE",
        "KÁVA A ČAJ"
      ],
      "prices": [
        {
          "store_name": "Albert",
          "price": 189.0,
          "original_price": null,
          "unit_price": 756.0,
          "unit": "Kg",
          "package_size": "250 g",
          "condition": null
        }
      ],
      "description": null
    },
    {
      "name": "Nekton Tresčí játra ve vlastním oleji",
      "brand": "Nekton",
      "product_url": "https://wolt.com/cs/cze/prague/venue/albert-vinohradska/nekton-tresci-jatra-ve-vlastnim-oleji-itemid-657233256818b938df94844f",
      "image_url": "https://imageproxy.wolt.com/menu/menu-images/64ffec4406cca0140dfab831/f2100d92-8eb1-11ee-9cd3-2672547c66c2_24612227.jpg",
      "categories": [
        "TRVANLIVÉ",
        "KONZERVOVANÉ POTR."
      ],
      "prices": [
        {
          "store_name": "Albert",
          "price": 74.9,
          "original_price": null,
          "unit_price": 651.3,
          "unit": "Kg",
          "package_size": "115 g",
          "condition": "Vyprodáno"
        }
      ],
      "description": null
    },
    {
      "name": "Albert Mrkev",
      "brand": "Albert",
      "product_url": "https://wolt.com/cs/cze/prague/venue/albert-vinohradska/albert-mrkev-itemid-64ca0b7cba162577de488399",
      "image_url": "https://imageproxy.wolt.com/menu/menu-images/64ffec4406cca0140dfab831/74b71408-8eb1-11ee-9521-c6aa6b123400_24376846.jpg",
      "categories": [
        "OVOCE A ZELENINA",
        "ZELENINA"
      ],
      "prices": [
        {
          "store_name": "Albert",
          "price": 19.9,
          "original_price": null,
          "unit_price": 19.9,
          "unit": "Kg",
          "package_size": "1 kg",
          "condition": null
        }
      ],
      "description": null
    },
    {
      "name": "Nature's Promise Bio Jogurt bílý smetanový",
      "brand": "Nature's Promise",
      "product_url": "https://wolt.com/cs/cze/prague/venue/albert-vinohradska/nature-s-promise-bio-jogurt-bily-smetanovy-itemid-64ca0b7cba162577de48911a",
      "image_url": "https://imageproxy.wolt.com/menu/menu-images/64ffec4406cca0140dfab831/a29b0aac-8eb9-11ee-b4dc-e6fbf8d3c3b0_26471273.jpg",
      "categories": [
        "MLÉČNÉ A CHLAZENÉ",
        "JOGURTY A DEZERTY"
      ],
      "prices": [
        {
          "store_name": "Albert",
          "price": null,
          "original_price": null,
          "unit_price": 92.67,
          "unit": "Kg",
          "package_size": "150 g",
          "condition": "Sleva"
        }
      ],
      "description": null
    },
    {
      "name": "Probio Špaldoto houbové",
      "brand": "Probio",
      "product_url": "https://wolt.com/cs/cze/prague/venue/albert-vinohradska/probio-spaldoto-houbove-itemid-6601e359eb2d782775e343ce",
      "image_url": "https://imageproxy.wolt.com/menu/menu-images/6601c613e48d1c8d95333085/b83904ba-eae2-11ee-905b-c2919b5ee551_25512212.jpg",
      "categories": [
        "UZENINY A LAHŮDKY",
        "HOTOVKY A PŘÍLOHY"
      ],
      "prices": [
        {
          "store_name": "Albert",
          "price": 75.9,
          "original_price": null,
          "unit_price": 361.43,
          "unit": "Kg",
          "package_size": "210 g",
          "condition": null
        }
      ],
      "description": null
    },
    {
      "name": "Emma Arašídy v cukru",
      "brand": "Emma",
      "product_url": "https://wolt.com/cs/cze/prague/venue/albert-vinohradska/emma-arasidy-v-cukru-itemid-64ca0b7cba162577de4899c4",
      "image_url": "https://imageproxy.wolt.com/menu/menu-images/63ad795db242366d1f818f36/ddefd790-4804-11ef-819e-765204e305ab_23714090.jpg",
      "categories": [
        "OVOCE A ZELENINA",
        "SUCHÉ PLODY"
      ],
      "prices": [
        {
          "store_name": "Albert",
          "price": 34.9,
          "original_price": null,
          "unit_price": 232.67,
          "unit": "Kg",
          "package_size": "150 g",
          "condition": null
        }
      ],
      "description": null
    },
    {
      "name": "Bonduelle Bon Menu Mexicana fazole v chilli",
      "brand": "Bonduelle",
      "product_url": "https://wolt.com/cs/cze/prague/venue/albert-vinohradska/bonduelle-bon-menu-mexicana-fazole-v-chilli-itemid-64ca0b7cba162577de4885a9",
      "image_url": "https://imageproxy.wolt.com/menu/menu-images/63ad795db242366d1f818f36/69607b82-8e26-11f0-99d3-6631d6848433_25853926.jpg",
      "categories": [
        "TRVANLIVÉ",
        "KONZERVOVANÉ POTR."
      ],
      "prices": [
        {
          "store_name": "Albert",
          "price": 33.9,
          "original_price": null,
          "unit_price": 78.84,
          "unit": "Kg",
          "package_size": "430 g",
          "condition": null
        }
      ],
      "description": null
    },
    {
      "name": "Starbucks Frappuccino Caramel",
      "brand": "Starbucks",
      "product_url": "https://wolt.com/cs/cze/prague/venue/albert-vinohradska/starbucks-frappuccino-caramel-itemid-64ca0b7cba162577de489405",
      "image_url": "https://imageproxy.wolt.com/menu/menu-images/64ffec4406cca0140dfab831/f8d3a3b6-8ec8-11ee-bb73-7e8ccae297df_27734674.jpg",
      "categories": [
        "MLÉČNÉ A CHLAZENÉ",
        "MLÉČNÉ NÁPOJE"
      ],
      "prices": [
        {
          "store_name": "Albert",
          "price": 59.9,
          "original_price": null,
          "unit_price": 239.6,
          "unit": "l",
          "package_size": "250 ml",
          "condition": null
        }
      ],
      "description": null
    },
    {
      "name": "Dermacol sprchový gel makadamiový lanýž",
      "brand": "Dermacol",
      "product_url": "https://wolt.com/cs/cze/prague/venue/albert-vinohradska/dermacol-sprchovy-gel-makadamiovy-lanyz-itemid-64ca0b7cba162577de488f43",
      "image_url": "https://imageproxy.wolt.com/menu/menu-images/64ffec4406cca0140dfab831/2a6117b4-8ec0-11ee-8b42-0e9fc0f27358_27160312.jpg",
      "categories": [
        "DROGERIE A KOSMETIKA",
        "MÝDLA A GELY"
      ],
      "prices": [
        {
          "store_name": "Albert",
          "price": 54.9,
          "original_price": null,
          "unit_price": 219.6,
          "unit": "l",
          "package_size": "250 ml",
          "condition": null
        }
      ],
      "description": null
    },
    {
      "name": "Olma High Protein jogurt meruňka",
      "brand": "Olma",
      "product_url": "https://wolt.com/cs/cze/prague/venue/albert-vinohradska/olma-high-protein-jogurt-merunka-itemid-657233256818b938df947a2a",
      "image_url": "https://imageproxy.wolt.com/menu/menu-images/63ad795db242366d1f818f36/22e3fbda-2b47-11f0-877f-cacffdac3212_27039335.jpg",
      "categories": [
        "MLÉČNÉ A CHLAZENÉ",
        "JOGURTY A DEZERTY"
      ],
      "prices": [
        {
          "store_name": "Albert",
          "price": 20.9,
          "original_price": null,
          "unit_price": 139.33,
          "unit": "Kg",
          "package_size": "150 g",
          "condition": null
        }
      ],
      "description": null
    },
    {
      "name": "Anticol Extra strong mentolové furé",
      "brand": "Anticol",
      "product_url": "https://wolt.com/cs/cze/prague/venue/albert-vinohradska/anticol-extra-strong-mentolove-fure-itemid-64ca0b7cba162577de489846",
      "image_url": "https://imageproxy.wolt.com/menu/menu-images/64ffec4406cca0140dfab831/682cf70a-8eae-11ee-a546-f2309c23f2b6_22318084.jpg",
      "categories": [
        "TRVANLIVÉ",
        "SLADKOSTI"
      ],
      "prices": [
        {
          "store_name": "Albert",
          "price": 21.9,
          "original_price": null,
          "unit_price": 438.0,
          "unit": "Kg",
          "package_size": "50 g",
          "condition": null
        }
      ],
      "description": null
    },
    {
      "name": "Linteo Baby Vlhčené ubrousky s Aloe Vera",
      "brand": "Linteo",
      "product_url": "https://wolt.com/cs/cze/prague/venue/albert-vinohradska/linteo-baby-vlhcene-ubrousky-s-aloe-vera-itemid-64ca0b7cba162577de4892cc",
      "image_url": "https://imageproxy.wolt.com/menu/menu-images/64ffec4406cca0140dfab831/1fe542ce-8eb6-11ee-9050-7a4dcb26504b_25695953.jpg",
      "categories": [
        "DÍTĚ",
        "VLHČENÉ UBROUSKY"
      ],
      "prices": [
        {
          "store_name": "Albert",
          "price": 99.9,
          "original_price": null,
          "unit_price": 0.31,
          "unit": "ks",
          "package_size": "‪320‬ kusů",
          "condition": null
        }
      ],
      "description": null
    },
    {
      "name": "Kiri Tavený sýr z tvarohu a smetany",
      "brand": "Kiri",
      "product_url": "https://wolt.com/cs/cze/prague/venue/albert-vinohradska/kiri-taveny-syr-z-tvarohu-a-smetany-itemid-64ca0b7cba162577de489682",
      "image_url": "https://imageproxy.wolt.com/menu/menu-images/63ad795db242366d1f818f36/b5e7f798-ed43-11ef-a0ed-bef1988b5fde_21455384.jpg",
      "categories": [
        "MLÉČNÉ A CHLAZENÉ",
        "SÝRY"
      ],
      "prices": [
        {
          "store_name": "Albert",
          "price": 44.9,
          "original_price": null,
          "unit_price": 449.0,
          "unit": "Kg",
          "package_size": "100 g",
          "condition": null
        }
      ],
      "description": null
    },
    {
      "name": "Figaro Čokopiškoty s příchutí maliny",
      "brand": "Figaro",
      "product_url": "https://wolt.com/cs/cze/prague/venue/albert-vinohradska/figaro-cokopiskoty-s-prichuti-maliny-itemid-64ca0b7cba162577de4895cd",
      "image_url": "https://imageproxy.wolt.com/menu/menu-images/63ad795db242366d1f818f36/b20ab090-f8ef-11ef-9540-2a2a49de5161_21709944.jpg",
      "categories": [
        "TRVANLIVÉ",
        "SLADKOSTI"
      ],
      "prices": [
        {
          "store_name": "Albert",
          "price": 44.9,
          "original_price": null,
          "unit_price": 305.44,
          "unit": "Kg",
          "package_size": "147 g",
          "condition": null
        }
      ],
      "description": null
    },
    {
      "name": "Bohemia Sekt Ice Demi Sec",
      "brand": "Bohemia",
      "product_url": "https://wolt.com/cs/cze/prague/venue/albert-vinohradska/bohemia-sekt-ice-demi-sec-itemid-64ca0b7cba162577de48923c",
      "image_url": "https://imageproxy.wolt.com/menu/menu-images/64ffec4406cca0140dfab831/ea794200-8ec1-11ee-ae3d-eeaf6a6837cc_27266120.jpg",
      "categories": [
        "NÁPOJE",
        "VÍNA"
      ],
      "prices": [
        {
          "store_name": "Albert",
          "price": 179.0,
          "original_price": null,
          "unit_price": 238.67,
          "unit": "l",
          "package_size": "750 ml, 11,5% alc",
          "condition": "18+"
        }
      ],
      "description": null
    },
    {
      "name": "Alpro Kokosový nápoj neslazený",
      "brand": "Alpro",
      "product_url": "https://wolt.com/cs/cze/prague/venue/albert-vinohradska/alpro-kokosovy-napoj-neslazeny-itemid-64ca0b7cba162577de4899e7",
      "image_url": "https://imageproxy.wolt.com/menu/menu-images/64ffec4406cca0140dfab831/f8ac3c12-8ebf-11ee-9ce9-aef8df37f9e5_27150900.jpg",
      "categories": [
        "MLÉČNÉ A CHLAZENÉ",
        "ROSTLINNÉ PRODUKTY"
      ],
      "prices": [
        {
          "store_name": "Albert",
          "price": 86.9,
          "original_price": null,
          "unit_price": 86.9,
          "unit": "l",
          "package_size": "1 l",
          "condition": null
        }
      ],
      "description": null
    },
    {
      "name": "Santa Maria Naan chleby s česnekovou příchutí",
      "brand": "Santa",
      "product_url": "https://wolt.com/cs/cze/prague/venue/albert-vinohradska/santa-maria-naan-chleby-s-cesnekovou-prichuti-itemid-64ca0b7cba162577de48a450",
      "image_url": "https://imageproxy.wolt.com/menu/menu-images/64ffec4406cca0140dfab831/9203a272-8ec2-11ee-8e04-f6a0c6fd1153_27309506.jpg",
      "categories": [
        "TRVANLIVÉ",
        "MEZINÁRODNÍ KUCHYNĚ"
      ],
      "prices": [
        {
          "store_name": "Albert",
          "price": 87.9,
          "original_price": null,
          "unit_price": 338.08,
          "unit": "Kg",
          "package_size": "260 g",
          "condition": "Vyprodáno"
        }
      ],
      "description": null
    },
    {
      "name": "Nestlé Chocapic snídaňové cereálie",
      "brand": "Nestlé",
      "product_url": "https://wolt.com/cs/cze/prague/venue/albert-vinohradska/nestle-chocapic-snidanove-cerealie-itemid-651c86fa95310f476c809850",
      "image_url": "https://imageproxy.wolt.com/menu/menu-images/63ad795db242366d1f818f36/8efb1bce-5efa-11ef-9847-0ef10bd7599d_27725931.jpg",
      "categories": [
        "TRVANLIVÉ",
        "MÜSLI A CEREÁLIE"
      ],
      "prices": [
        {
          "store_name": "Albert",
          "price": null,
          "original_price": null,
          "unit_price": 213.07,
          "unit": "Kg",
          "package_size": "375 g",
          "condition": "Sleva"
        }
      ],
      "description": null
    },
    {
      "name": "Marlboro Red KS FWD",
      "brand": "Marlboro",
      "product_url": "https://wolt.com/cs/cze/prague/venue/albert-vinohradska/marlboro-red-ks-fwd-itemid-64ca0b7cba162577de489e35",
      "image_url": "https://imageproxy.wolt.com/menu/menu-images/64ffec4406cca0140dfab831/7fc99550-8eac-11ee-b00a-361f92ce8d2c_20309626.jpg",
      "categories": [
        "DOMÁCNOST A ZAHRADA",
        "CIGARETY"
      ],
      "prices": [
        {
          "store_name": "Albert",
          "price": 174.0,
          "original_price": null,
          "unit_price": 174.0,
          "unit": "ks",
          "package_size": "‪1‬ kus",
          "condition": "18+"
        }
      ],
      "description": null
    },
    {
      "name": "Albert Excellent Queso Iberico 50%",
      "brand": "Albert Excellent",
      "product_url": "https://wolt.com/cs/cze/prague/venue/albert-vinohradska/albert-excellent-queso-iberico-50-itemid-657233256818b938df947d66",
      "image_url": "https://imageproxy.wolt.com/menu/menu-images/63ad795db242366d1f818f36/0a49a048-bbe4-11ef-89ff-46cd2311e2a7_27743195.jpg",
      "categories": [
        "MLÉČNÉ A CHLAZENÉ",
        "SÝRY"
      ],
      "prices": [
        {
          "store_name": "Albert",
          "price": 67.35,
          "original_price": null,
          "unit_price": null,
          "unit": null,
          "package_size": null,
          "condition": "Vyprodáno"
        }
      ],
      "description": null
    },
    {
      "name": "Artesie Voda neperlivá",
      "brand": "Artesie",
      "product_url": "https://wolt.com/cs/cze/prague/venue/albert-vinohradska/artesie-voda-neperliva-itemid-64ca0b7cba162577de489415",
      "image_url": "https://imageproxy.wolt.com/menu/menu-images/63ad795db242366d1f818f36/19e9f602-7826-11f0-9881-d6d360f8e088_25516982.jpg",
      "categories": [
        "NÁPOJE",
        "VODY A MINERÁLKY"
      ],
      "prices": [
        {
          "store_name": "Albert",
          "price": 5.9,
          "original_price": null,
          "unit_price": 11.8,
          "unit": "l",
          "package_size": "500 ml",
          "condition": null
        }
      ],
      "description": null
    },
    {
      "name": "Mustang 11 světlý ležák",
      "brand": "Mustang",
      "product_url": "https://wolt.com/cs/cze/prague/venue/albert-vinohradska/mustang-11-svetly-lezak-itemid-64ca0b7cba162577de489112",
      "image_url": "https://imageproxy.wolt.com/menu/menu-images/64ffec4406cca0140dfab831/5fdcab1e-8ec6-11ee-835a-3aebc6ac32b3_27609613.jpg",
      "categories": [
        "NÁPOJE",
        "PIVA"
      ],
      "prices": [
        {
          "store_name": "Albert",
          "price": 25.9,
          "original_price": null,
          "unit_price": 51.8,
          "unit": "l",
          "package_size": "500 ml, 4,9% alc",
          "condition": "18+"
        }
      ],
      "description": null
    },
    {
      "name": "Bageta francouzská",
      "brand": null,
      "product_url": "https://wolt.com/cs/cze/prague/venue/albert-vinohradska/bageta-francouzska-itemid-64ca0b7cba162577de488219",
      "image_url": "https://imageproxy.wolt.com/menu/menu-images/64ffec4406cca0140dfab831/02f45c0a-8eb5-11ee-bf5f-3a1814765055_25466454.jpg",
      "categories": [
        "PEKÁRNA A CUKRÁRNA",
        "SLANÉ PEČIVO VOLNÉ"
      ],
      "prices": [
        {
          "store_name": "Albert",
          "price": 11.9,
          "original_price": null,
          "unit_price": 108.18,
          "unit": "Kg",
          "package_size": "110 g",
          "condition": null
        }
      ],
      "description": null
    },
    {
      "name": "Barilla Spaghetti N°5",
      "brand": "Barilla",
      "product_url": "https://wolt.com/cs/cze/prague/venue/albert-vinohradska/barilla-spaghetti-n5-itemid-64ca0b7cba162577de489038",
      "image_url": "https://imageproxy.wolt.com/menu/menu-images/63ad795db242366d1f818f36/f1cd1556-25b3-11f0-8960-aee5116d1be0_21210679.jpg",
      "categories": [
        "TRVANLIVÉ",
        "TĚSTOVINY A KUSKUS"
      ],
      "prices": [
        {
          "store_name": "Albert",
          "price": 64.9,
          "original_price": null,
          "unit_price": 129.8,
          "unit": "Kg",
          "package_size": "500 g",
          "condition": null
        }
      ],
      "description": null
    },
    {
      "name": "Krušovice 12",
      "brand": "Krušovice",
      "product_url": "https://wolt.com/cs/cze/prague/venue/albert-vinohradska/krusovice-12-itemid-64ca0b7cba162577de488b4f",
      "image_url": "https://imageproxy.wolt.com/menu/menu-images/63ad795db242366d1f818f36/25c15c52-9796-11ef-9517-ca7b09b102ed_26776552.jpg",
      "categories": [
        "NÁPOJE",
        "PIVA"
      ],
      "prices": [
        {
          "store_name": "Albert",
          "price": 24.9,
          "original_price": null,
          "unit_price": 49.8,
          "unit": "l",
          "package_size": "500 ml, 5% alc",
          "condition": "18+"
        }
      ],
      "description": null
    },
    {
      "name": "Panzani Napoletana rajčatová omáčka",
      "brand": "Panzani",
      "product_url": "https://wolt.com/cs/cze/prague/venue/albert-vinohradska/panzani-napoletana-rajcatova-omacka-itemid-64ca0b7cba162577de488617",
      "image_url": "https://imageproxy.wolt.com/menu/menu-images/64ffec4406cca0140dfab831/4dac5e02-8eae-11ee-859a-6acfb8ed3f7f_22105363.jpg",
      "categories": [
        "TRVANLIVÉ",
        "KEČUPY A HOŘČICE"
      ],
      "prices": [
        {
          "store_name": "Albert",
          "price": 48.9,
          "original_price": null,
          "unit_price": 122.25,
          "unit": "Kg",
          "package_size": "400 g",
          "condition": null
        }
      ],
      "description": null
    },
    {
      "name": "Mlékárna Kunín Mléčná rýže malina",
      "brand": "Mlékárna Kunín",
      "product_url": "https://wolt.com/cs/cze/prague/venue/albert-vinohradska/mlekarna-kunin-mlecna-ryze-malina-itemid-64ca0b7cba162577de4895e4",
      "image_url": "https://imageproxy.wolt.com/menu/menu-images/63ad795db242366d1f818f36/48ee975e-e818-11ee-ae84-0abacf7ba7f5_24793872.jpg",
      "categories": [
        "MLÉČNÉ A CHLAZENÉ",
        "JOGURTY A DEZERTY"
      ],
      "prices": [
        {
          "store_name": "Albert",
          "price": 25.9,
          "original_price": null,
          "unit_price": 148.0,
          "unit": "Kg",
          "package_size": "175 g",
          "condition": null
        }
      ],
      "description": null
    },
    {
      "name": "Dobrá voda Neperlivá",
      "brand": "Dobrá",
      "product_url": "https://wolt.com/cs/cze/prague/venue/albert-vinohradska/dobra-voda-neperliva-itemid-64ca0b7cba162577de48813b",
      "image_url": "https://imageproxy.wolt.com/menu/menu-images/64ffec4406cca0140dfab831/35f1616a-8eac-11ee-adc7-c231a3feaf11_20298647.jpg",
      "categories": [
        "NÁPOJE",
        "VODY A MINERÁLKY"
      ],
      "prices": [
        {
          "store_name": "Albert",
          "price": 14.9,
          "original_price": null,
          "unit_price": 9.93,
          "unit": "l",
          "package_size": "1,5 l",
          "condition": null
        }
      ],
      "description": null
    },
    {
      "name": "Nature's Promise Bio Pomazánka zeleninová",
      "brand": "Nature's Promise",
      "product_url": "https://wolt.com/cs/cze/prague/venue/albert-vinohradska/nature-s-promise-bio-pomazanka-zeleninova-itemid-64ca0b7cba162577de488cf9",
      "image_url": "https://imageproxy.wolt.com/menu/menu-images/63ad795db242366d1f818f36/0d27751a-ed44-11ef-9773-cab12ff05c8c_26818504.jpg",
      "categories": [
        "UZENINY A LAHŮDKY",
        "SALÁTY A POMAZÁNKY"
      ],
      "prices": [
        {
          "store_name": "Albert",
          "price": 24.9,
          "original_price": null,
          "unit_price": 199.2,
          "unit": "Kg",
          "package_size": "125 g",
          "condition": null
        }
      ],
      "description": null
    },
    {
      "name": "Old Spice Whitewater pánský sprchový gel",
      "brand": "Old",
      "product_url": "https://wolt.com/cs/cze/prague/venue/albert-vinohradska/old-spice-whitewater-pansky-sprchovy-gel-itemid-6601efedd916113bcf2e6e6a",
      "image_url": "https://imageproxy.wolt.com/menu/menu-images/63ad795db242366d1f818f36/ba1f11a2-0608-11ef-913e-9ae8c2bfcc55_26549286.jpg",
      "categories": [
        "DROGERIE A KOSMETIKA",
        "MÝDLA A GELY"
      ],
      "prices": [
        {
          "store_name": "Albert",
          "price": 109.9,
          "original_price": null,
          "unit_price": 274.75,
          "unit": "l",
          "package_size": "400 ml",
          "condition": null
        }
      ],
      "description": null
    },
    {
      "name": "Albert Excellent Hovězí burger Wagyu",
      "brand": "Albert Excellent",
      "product_url": "https://wolt.com/cs/cze/prague/venue/albert-vinohradska/albert-excellent-hovezi-burger-wagyu-itemid-681b5abffcbd67bf7a8f4ba0",
      "image_url": "https://imageproxy.wolt.com/menu/menu-images/63ad795db242366d1f818f36/411b5866-a8ea-11f0-98b5-322f080faa26_27863893.jpg",
      "categories": [
        "MASO A RYBY",
        "HOVĚZÍ A TELECÍ"
      ],
      "prices": [
        {
          "store_name": "Albert",
          "price": 129.9,
          "original_price": null,
          "unit_price": 811.88,
          "unit": "Kg",
          "package_size": "160 g",
          "condition": null
        }
      ],
      "description": null
    },
    {
      "name": "Albert Špenát listový",
      "brand": "Albert",
      "product_url": "https://wolt.com/cs/cze/prague/venue/albert-vinohradska/albert-spenat-listovy-itemid-6876153a0c6218e9f3e5f433",
      "image_url": "https://imageproxy.wolt.com/menu/menu-images/64b62ec5e5ab70cdc92e30f0/f7017502-616e-11f0-848c-029703fba826_26364933.jpg",
      "categories": [
        "MRAŽENÉ POTRAVINY",
        "MRAŽENÉ OVOCE A ZELENINA"
      ],
      "prices": [
        {
          "store_name": "Albert",
          "price": 30.9,
          "original_price": null,
          "unit_price": 88.29,
          "unit": "Kg",
          "package_size": "350 g",
          "condition": null
        }
      ],
      "description": null
    },
    {
      "name": "Seville Premium Zelené olivy bez pecky",
      "brand": "Seville",
      "product_url": "https://wolt.com/cs/cze/prague/venue/albert-vinohradska/seville-premium-zelene-olivy-bez-pecky-itemid-64ca0b7cba162577de489c07",
      "image_url": "https://imageproxy.wolt.com/menu/menu-images/64ffec4406cca0140dfab831/09d83ffa-8eb0-11ee-a1ed-3e3f8d1903a2_23619753.jpg",
      "categories": [
        "TRVANLIVÉ",
        "KONZERVOVANÉ POTR."
      ],
      "prices": [
        {
          "store_name": "Albert",
          "price": 61.9,
          "original_price": null,
          "unit_price": 412.67,
          "unit": "Kg",
          "package_size": "150 g",
          "condition": null
        }
      ],
      "description": null
    },
    {
      "name": "Emma Quinoa",
      "brand": "Emma",
      "product_url": "https://wolt.com/cs/cze/prague/venue/albert-vinohradska/emma-quinoa-itemid-64ca0b7cba162577de488bdd",
      "image_url": "https://imageproxy.wolt.com/menu/menu-images/63ad795db242366d1f818f36/4dc08142-d995-11ef-8a66-523043d0c3c9_26482002.jpg",
      "categories": [
        "OVOCE A ZELENINA",
        "SUCHÉ PLODY"
      ],
      "prices": [
        {
          "store_name": "Albert",
          "price": 39.9,
          "original_price": null,
          "unit_price": 266.0,
          "unit": "Kg",
          "package_size": "150 g",
          "condition": null
        }
      ],
      "description": null
    },
    {
      "name": "Nivea Creme Soft pečující sprchový gel",
      "brand": "Nivea",
      "product_url": "https://wolt.com/cs/cze/prague/venue/albert-vinohradska/nivea-creme-soft-pecujici-sprchovy-gel-itemid-64ca0b7cba162577de488ef9",
      "image_url": "https://imageproxy.wolt.com/menu/menu-images/64ffec4406cca0140dfab831/b23bf1f6-8eb9-11ee-a16d-e6fbf8d3c3b0_26475134.jpg",
      "categories": [
        "DROGERIE A KOSMETIKA",
        "MÝDLA A GELY"
      ],
      "prices": [
        {
          "store_name": "Albert",
          "price": 119.9,
          "original_price": null,
          "unit_price": 239.8,
          "unit": "l",
          "package_size": "500 ml",
          "condition": null
        }
      ],
      "description": null
    },
    {
      "name": "Relax Pomeranč a červený grapefruit",
      "brand": "Relax",
      "product_url": "https://wolt.com/cs/cze/prague/venue/albert-vinohradska/relax-pomeranc-a-cerveny-grapefruit-itemid-64ca0b7cba162577de4884df",
      "image_url": "https://imageproxy.wolt.com/menu/menu-images/64ffec4406cca0140dfab831/156df9dc-8eb9-11ee-8e17-c64f1deb8de2_26364667.jpg",
      "categories": [
        "NÁPOJE",
        "DŽUSY A NEKTARY"
      ],
      "prices": [
        {
          "store_name": "Albert",
          "price": 37.9,
          "original_price": null,
          "unit_price": 37.9,
          "unit": "l",
          "package_size": "1 l",
          "condition": null
        }
      ],
      "description": null
    },
    {
      "name": "Granini Hruška",
      "brand": "Granini",
      "product_url": "https://wolt.com/cs/cze/prague/venue/albert-vinohradska/granini-hruska-itemid-64ca0b7cba162577de48a347",
      "image_url": "https://imageproxy.wolt.com/menu/menu-images/64ffec4406cca0140dfab831/089d11b0-8eba-11ee-a025-96ff514b0205_26553184.jpg",
      "categories": [
        "NÁPOJE",
        "DŽUSY A NEKTARY"
      ],
      "prices": [
        {
          "store_name": "Albert",
          "price": 39.9,
          "original_price": null,
          "unit_price": 39.9,
          "unit": "l",
          "package_size": "1 l",
          "condition": null
        }
      ],
      "description": null
    },
    {
      "name": "RUF Jíška tmavá",
      "brand": "RUF",
      "product_url": "https://wolt.com/cs/cze/prague/venue/albert-vinohradska/ruf-jiska-tmava-itemid-6601ea80d1b1507ceb298c55",
      "image_url": "https://imageproxy.wolt.com/menu/menu-images/6601c613e48d1c8d95333085/e74adbb6-eae2-11ee-bac6-7af12948c363_25892819.jpg",
      "categories": [
        "TRVANLIVÉ",
        "PEČENÍ A VAŘENÍ"
      ],
      "prices": [
        {
          "store_name": "Albert",
          "price": 32.9,
          "original_price": null,
          "unit_price": 131.6,
          "unit": "Kg",
          "package_size": "250 g",
          "condition": null
        }
      ],
      "description": null
    },
    {
      "name": "Reisten Chardonnay Classic",
      "brand": "Reisten",
      "product_url": "https://wolt.com/cs/cze/prague/venue/albert-vinohradska/reisten-chardonnay-classic-itemid-657233256818b938df9487d6",
      "image_url": "https://imageproxy.wolt.com/menu/menu-images/64ffec4406cca0140dfab831/c9ed2fde-8ec0-11ee-9595-a2846f3734b2_27197431.jpg",
      "categories": [
        "NÁPOJE",
        "VÍNA"
      ],
      "prices": [
        {
          "store_name": "Albert",
          "price": 329.0,
          "original_price": null,
          "unit_price": 438.67,
          "unit": "l",
          "package_size": "750 ml, 13,5% alc",
          "condition": "18+"
        }
      ],
      "description": null
    },
    {
      "name": "Albert Citróny síť",
      "brand": "Albert",
      "product_url": "https://wolt.com/cs/cze/prague/venue/albert-vinohradska/albert-citrony-sit-itemid-64ca0b7cba162577de488087",
      "image_url": "https://imageproxy.wolt.com/menu/menu-images/63ad795db242366d1f818f36/49afd6fe-cca1-11ee-b30a-8e875b0943e6_20440558.jpg",
      "categories": [
        "OVOCE A ZELENINA",
        "OVOCE"
      ],
      "prices": [
        {
          "store_name": "Albert",
          "price": 39.9,
          "original_price": null,
          "unit_price": 79.8,
          "unit": "Kg",
          "package_size": "500 g",
          "condition": null
        }
      ],
      "description": null
    },
    {
      "name": "Fino Easy-Pack Pytle na odpadky 35 l",
      "brand": "Fino",
      "product_url": "https://wolt.com/cs/cze/prague/venue/albert-vinohradska/fino-easy-pack-pytle-na-odpadky-35-l-itemid-64ca0b7cba162577de489bd3",
      "image_url": "https://imageproxy.wolt.com/menu/menu-images/64ffec4406cca0140dfab831/50b8121e-8eb1-11ee-b61a-76d8d681f910_24284349.jpg",
      "categories": [
        "DOMÁCNOST A ZAHRADA",
        "ÚKLIDOVÉ POTŘEBY"
      ],
      "prices": [
        {
          "store_name": "Albert",
          "price": 59.9,
          "original_price": null,
          "unit_price": 2.0,
          "unit": "ks",
          "package_size": "‪30‬ kusů",
          "condition": null
        }
      ],
      "description": null
    },
    {
      "name": "Twix slaný karamel",
      "brand": "Twix",
      "product_url": "https://wolt.com/cs/cze/prague/venue/albert-vinohradska/twix-slany-karamel-itemid-6601f86ecfe87b2d02d68aa8",
      "image_url": "https://imageproxy.wolt.com/menu/menu-images/6601c613e48d1c8d95333085/da92d3fa-eae3-11ee-b0b9-c2d24fe29718_27256794.jpg",
      "categories": [
        "TRVANLIVÉ",
        "SLADKOSTI"
      ],
      "prices": [
        {
          "store_name": "Albert",
          "price": null,
          "original_price": null,
          "unit_price": 410.87,
          "unit": "Kg",
          "package_size": "46 g",
          "condition": "Sleva"
        }
      ],
      "description": null
    },
    {
      "name": "Jemča Ceylonský černý čaj sypaný",
      "brand": "Jemča",
      "product_url": "https://wolt.com/cs/cze/prague/venue/albert-vinohradska/jemca-ceylonsky-cerny-caj-sypany-itemid-64ca0b7cba162577de489f25",
      "image_url": "https://imageproxy.wolt.com/menu/menu-images/64ffec4406cca0140dfab831/d2fe4c06-8eb2-11ee-ab89-96b10ce163de_24893053.jpg",
      "categories": [
        "NÁPOJE",
        "KÁVA A ČAJ"
      ],
      "prices": [
        {
          "store_name": "Albert",
          "price": 52.9,
          "original_price": null,
          "unit_price": 705.33,
          "unit": "Kg",
          "package_size": "75 g",
          "condition": null
        }
      ],
      "description": null
    },
    {
      "name": "Brambory konzumní pozdní varný typ A",
      "brand": null,
      "product_url": "https://wolt.com/cs/cze/prague/venue/albert-vinohradska/brambory-konzumni-pozdni-varny-typ-a-itemid-657233256818b938df94793b",
      "image_url": "https://imageproxy.wolt.com/menu/menu-images/64ffec4406cca0140dfab831/13bb0d5a-8eaf-11ee-ba08-1af7753b7a63_23093461.jpg",
      "categories": [
        "OVOCE A ZELENINA",
        "ZELENINA"
      ],
      "prices": [
        {
          "store_name": "Albert",
          "price": 39.9,
          "original_price": null,
          "unit_price": 19.95,
          "unit": "Kg",
          "package_size": "2 kg",
          "condition": null
        }
      ],
      "description": null
    },
    {
      "name": "Albert Zápalky bezpečnostní",
      "brand": "Albert",
      "product_url": "https://wolt.com/cs/cze/prague/venue/albert-vinohradska/albert-zapalky-bezpecnostni-itemid-6601e4a0cac78ba1a23247da",
      "image_url": "https://imageproxy.wolt.com/menu/menu-images/6601c613e48d1c8d95333085/bbb3cbe2-eae3-11ee-8453-b61162878c08_27193525.jpg",
      "categories": [
        "DOMÁCNOST A ZAHRADA",
        "DŮM A BYT"
      ],
      "prices": [
        {
          "store_name": "Albert",
          "price": 14.9,
          "original_price": null,
          "unit_price": 14.9,
          "unit": "ks",
          "package_size": "‪1‬ kus",
          "condition": "Vyprodáno"
        }
      ],
      "description": null
    },
    {
      "name": "Selezione Espresso zrnková káva",
      "brand": "Selezione",
      "product_url": "https://wolt.com/cs/cze/prague/venue/albert-vinohradska/selezione-espresso-zrnkova-kava-itemid-64ca0b7cba162577de489ac8",
      "image_url": "https://imageproxy.wolt.com/menu/menu-images/64ffec4406cca0140dfab831/85f31bd4-8ebd-11ee-b68f-3a3bddbb56de_26950464.jpg",
      "categories": [
        "NÁPOJE",
        "KÁVA A ČAJ"
      ],
      "prices": [
        {
          "store_name": "Albert",
          "price": 439.0,
          "original_price": null,
          "unit_price": 439.0,
          "unit": "Kg",
          "package_size": "1 kg",
          "condition": null
        }
      ],
      "description": null
    },
    {
      "name": "Havlík Originál Trvanlivé tyčinky se sýrem a solí",
      "brand": "Havlík",
      "product_url": "https://wolt.com/cs/cze/prague/venue/albert-vinohradska/havlik-original-trvanlive-tycinky-se-syrem-a-soli-itemid-64ca0b7cba162577de489104",
      "image_url": "https://imageproxy.wolt.com/menu/menu-images/64ffec4406cca0140dfab831/4aa8bc94-8eb5-11ee-a1fd-ca3c3355ab39_25535303.jpg",
      "categories": [
        "TRVANLIVÉ",
        "SLANÉ"
      ],
      "prices": [
        {
          "store_name": "Albert",
          "price": 15.9,
          "original_price": null,
          "unit_price": 176.67,
          "unit": "Kg",
          "package_size": "90 g",
          "condition": null
        }
      ],
      "description": null
    },
    {
      "name": "Babiččiny nudle polévkové",
      "brand": "Babiččiny",
      "product_url": "https://wolt.com/cs/cze/prague/venue/albert-vinohradska/babicciny-nudle-polevkove-itemid-64ca0b7cba162577de489186",
      "image_url": "https://imageproxy.wolt.com/menu/menu-images/64ffec4406cca0140dfab831/ef1505ee-8eb5-11ee-86ca-8e50ebf9f3ec_25659788.jpg",
      "categories": [
        "TRVANLIVÉ",
        "TĚSTOVINY A KUSKUS"
      ],
      "prices": [
        {
          "store_name": "Albert",
          "price": null,
          "original_price": null,
          "unit_price": 105.76,
          "unit": "Kg",
          "package_size": "330 g",
          "condition": "Sleva"
        }
      ],
      "description": null
    },
    {
      "name": "Giana Ananas kousky",
      "brand": "Giana",
      "product_url": "https://wolt.com/cs/cze/prague/venue/albert-vinohradska/giana-ananas-kousky-itemid-64ca0b7cba162577de4896d4",
      "image_url": "https://imageproxy.wolt.com/menu/menu-images/63ad795db242366d1f818f36/9b80c2e8-9796-11ef-8454-c6f23fe84675_21772504.jpg",
      "categories": [
        "TRVANLIVÉ",
        "KONZERVOVANÉ POTR."
      ],
      "prices": [
        {
          "store_name": "Albert",
          "price": 59.9,
          "original_price": null,
          "unit_price": 176.18,
          "unit": "Kg",
          "package_size": "340 g",
          "condition": null
        }
      ],
      "description": null
    },
    {
      "name": "Emma Kešu v mléčné čokoládě",
      "brand": "Emma",
      "product_url": "https://wolt.com/cs/cze/prague/venue/albert-vinohradska/emma-kesu-v-mlecne-cokolade-itemid-657233256818b938df9484f4",
      "image_url": "https://imageproxy.wolt.com/menu/menu-images/63ad795db242366d1f818f36/ebd81fac-4804-11ef-ab1b-0623f84a1d16_25556797.jpg",
      "categories": [
        "OVOCE A ZELENINA",
        "SUCHÉ PLODY"
      ],
      "prices": [
        {
          "store_name": "Albert",
          "price": 69.9,
          "original_price": null,
          "unit_price": 466.0,
          "unit": "Kg",
          "package_size": "150 g",
          "condition": null
        }
      ],
      "description": null
    },
    {
      "name": "Nature's Promise Camembert bez laktózy",
      "brand": "Nature's Promise",
      "product_url": "https://wolt.com/cs/cze/prague/venue/albert-vinohradska/nature-s-promise-camembert-bez-laktozy-itemid-64ca0b7cba162577de4890e1",
      "image_url": "https://imageproxy.wolt.com/menu/menu-images/64ffec4406cca0140dfab831/270259e0-8ebe-11ee-893e-a6b73cfda2ad_26994567.jpg",
      "categories": [
        "MLÉČNÉ A CHLAZENÉ",
        "SÝRY"
      ],
      "prices": [
        {
          "store_name": "Albert",
          "price": null,
          "original_price": null,
          "unit_price": 240.83,
          "unit": "Kg",
          "package_size": "120 g",
          "condition": "Sleva"
        }
      ],
      "description": null
    },
    {
      "name": "Emma Pistácie pražené solené",
      "brand": "Emma",
      "product_url": "https://wolt.com/cs/cze/prague/venue/albert-vinohradska/emma-pistacie-prazene-solene-itemid-64ca0b7cba162577de4889c9",
      "image_url": "https://imageproxy.wolt.com/menu/menu-images/63ad795db242366d1f818f36/c9a38086-ed43-11ef-8df5-ca468d0b1e18_23898608.jpg",
      "categories": [
        "OVOCE A ZELENINA",
        "SUCHÉ PLODY"
      ],
      "prices": [
        {
          "store_name": "Albert",
          "price": 84.9,
          "original_price": null,
          "unit_price": 566.0,
          "unit": "Kg",
          "package_size": "150 g",
          "condition": null
        }
      ],
      "description": null
    },
    {
      "name": "Pribináček vanilka",
      "brand": "Pribináček",
      "product_url": "https://wolt.com/cs/cze/prague/venue/albert-vinohradska/pribinacek-vanilka-itemid-64ca0b7cba162577de48851f",
      "image_url": "https://imageproxy.wolt.com/menu/menu-images/63ad795db242366d1f818f36/1dbc96d2-25b4-11f0-b0ee-ea091175d42b_24110662.jpg",
      "categories": [
        "MLÉČNÉ A CHLAZENÉ",
        "JOGURTY A DEZERTY"
      ],
      "prices": [
        {
          "store_name": "Albert",
          "price": 29.9,
          "original_price": null,
          "unit_price": 239.2,
          "unit": "Kg",
          "package_size": "125 g",
          "condition": null
        }
      ],
      "description": null
    },
    {
      "name": "Bad Reichenhaller Alpská sůl s jódem",
      "brand": "Bad Reichenhaller",
      "product_url": "https://wolt.com/cs/cze/prague/venue/albert-vinohradska/bad-reichenhaller-alpska-sul-s-jodem-itemid-64ca0b7cba162577de489a77",
      "image_url": "https://imageproxy.wolt.com/menu/menu-images/64ffec4406cca0140dfab831/ea732024-8eac-11ee-8de1-ca775a3f94cd_20436896.jpg",
      "categories": [
        "TRVANLIVÉ",
        "KOŘENÍ A OCHUCOVADLA"
      ],
      "prices": [
        {
          "store_name": "Albert",
          "price": 39.9,
          "original_price": null,
          "unit_price": 79.8,
          "unit": "Kg",
          "package_size": "500 g",
          "condition": null
        }
      ],
      "description": null
    },
    {
      "name": "L'OR Single Origin Colombia kapsle",
      "brand": "L'OR",
      "product_url": "https://wolt.com/cs/cze/prague/venue/albert-vinohradska/l-or-single-origin-colombia-kapsle-itemid-64ca0b7cba162577de489408",
      "image_url": "https://imageproxy.wolt.com/menu/menu-images/64ffec4406cca0140dfab831/76fac868-8ec0-11ee-8ca7-024d5631d362_27179789.jpg",
      "categories": [
        "NÁPOJE",
        "KÁVA A ČAJ"
      ],
      "prices": [
        {
          "store_name": "Albert",
          "price": 129.9,
          "original_price": null,
          "unit_price": 12.99,
          "unit": "ks",
          "package_size": "‪10‬ kusů",
          "condition": null
        }
      ],
      "description": null
    },
    {
      "name": "Leerdammer plátky 100 g plátky",
      "brand": "Leerdammer",
      "product_url": "https://wolt.com/cs/cze/prague/venue/albert-vinohradska/leerdammer-platky-100-g-platky-itemid-64ca0b7cba162577de488123",
      "image_url": "https://imageproxy.wolt.com/menu/menu-images/63ad795db242366d1f818f36/78490e5c-9796-11ef-916b-c6b639db8088_24962025.jpg",
      "categories": [
        "MLÉČNÉ A CHLAZENÉ",
        "SÝRY"
      ],
      "prices": [
        {
          "store_name": "Albert",
          "price": 51.9,
          "original_price": null,
          "unit_price": 519.0,
          "unit": "Kg",
          "package_size": "100 g",
          "condition": null
        }
      ],
      "description": null
    },
    {
      "name": "Milka White Choco Mini Stars Kakaové sušenky",
      "brand": "Milka",
      "product_url": "https://wolt.com/cs/cze/prague/venue/albert-vinohradska/milka-white-choco-mini-stars-kakaove-susenky-itemid-64ca0b7cba162577de48a5b0",
      "image_url": "https://imageproxy.wolt.com/menu/menu-images/63ad795db242366d1f818f36/f71b3c86-f8ef-11ef-aca8-96e63fc94a0d_27323496.jpg",
      "categories": [
        "TRVANLIVÉ",
        "SLADKOSTI"
      ],
      "prices": [
        {
          "store_name": "Albert",
          "price": 62.9,
          "original_price": null,
          "unit_price": 419.33,
          "unit": "Kg",
          "package_size": "150 g",
          "condition": null
        }
      ],
      "description": null
    },
    {
      "name": "Fernet Stock Standard 30%",
      "brand": "Fernet",
      "product_url": "https://wolt.com/cs/cze/prague/venue/albert-vinohradska/fernet-stock-standard-30-itemid-6601f3d0c724f5b0152c62d2",
      "image_url": "https://imageproxy.wolt.com/menu/menu-images/6601c613e48d1c8d95333085/e231573e-eae4-11ee-9ff2-fe58ce42b7d5_27725030.jpg",
      "categories": [
        "NÁPOJE",
        "LIHOVINY"
      ],
      "prices": [
        {
          "store_name": "Albert",
          "price": 189.0,
          "original_price": null,
          "unit_price": 378.0,
          "unit": "l",
          "package_size": "500 ml, 30% alc",
          "condition": "18+"
        }
      ],
      "description": null
    },
    {
      "name": "Madeta Lipno Extra Tavený smetanový sýr",
      "brand": "Madeta",
      "product_url": "https://wolt.com/cs/cze/prague/venue/albert-vinohradska/madeta-lipno-extra-taveny-smetanovy-syr-itemid-657233256818b938df947b7b",
      "image_url": "https://imageproxy.wolt.com/menu/menu-images/64ffec4406cca0140dfab831/0e9c3cbc-8eb0-11ee-a7d6-eadf6ce36c9d_23623859.jpg",
      "categories": [
        "MLÉČNÉ A CHLAZENÉ",
        "SÝRY"
      ],
      "prices": [
        {
          "store_name": "Albert",
          "price": 42.9,
          "original_price": null,
          "unit_price": 306.43,
          "unit": "Kg",
          "package_size": "140 g",
          "condition": null
        }
      ],
      "description": null
    },
    {
      "name": "Coca-Cola Zero",
      "brand": "Coca-Cola",
      "product_url": "https://wolt.com/cs/cze/prague/venue/albert-vinohradska/coca-cola-zero-itemid-64ca0b7cba162577de48931d",
      "image_url": "https://imageproxy.wolt.com/menu/menu-images/64ffec4406cca0140dfab831/cf396ecc-8eb5-11ee-aff0-8e381a14ed80_25637199.jpg",
      "categories": [
        "NÁPOJE",
        "LIMONÁDY"
      ],
      "prices": [
        {
          "store_name": "Albert",
          "price": 29.9,
          "original_price": null,
          "unit_price": 19.93,
          "unit": "l",
          "package_size": "1,5 l",
          "condition": null
        }
      ],
      "description": null
    },
    {
      "name": "Viva Chips BBQ",
      "brand": "Viva",
      "product_url": "https://wolt.com/cs/cze/prague/venue/albert-vinohradska/viva-chips-bbq-itemid-6602188a55b5f3d9bd12ac4a",
      "image_url": "https://imageproxy.wolt.com/menu/menu-images/6601c613e48d1c8d95333085/a4abf0c6-eae5-11ee-adb6-daa57e6835e8_27854068.jpg",
      "categories": [
        "TRVANLIVÉ",
        "SLANÉ"
      ],
      "prices": [
        {
          "store_name": "Albert",
          "price": 21.9,
          "original_price": null,
          "unit_price": 438.0,
          "unit": "Kg",
          "package_size": "50 g",
          "condition": null
        }
      ],
      "description": null
    },
    {
      "name": "Milka I Love Milka Bonboniéra lískooříšková",
      "brand": "Milka",
      "product_url": "https://wolt.com/cs/cze/prague/venue/albert-vinohradska/milka-i-love-milka-bonboniera-liskooriskova-itemid-64ca0b7cba162577de489841",
      "image_url": "https://imageproxy.wolt.com/menu/menu-images/63ad795db242366d1f818f36/e238fc0c-ed43-11ef-be92-ca468d0b1e18_25439885.jpg",
      "categories": [
        "TRVANLIVÉ",
        "SLADKOSTI"
      ],
      "prices": [
        {
          "store_name": "Albert",
          "price": 99.9,
          "original_price": null,
          "unit_price": 908.18,
          "unit": "Kg",
          "package_size": "110 g",
          "condition": null
        }
      ],
      "description": null
    },
    {
      "name": "Albert Excellent Paštika s klikvou",
      "brand": "Albert Excellent",
      "product_url": "https://wolt.com/cs/cze/prague/venue/albert-vinohradska/albert-excellent-pastika-s-klikvou-itemid-64ca0b7cba162577de488fa7",
      "image_url": "https://imageproxy.wolt.com/menu/menu-images/64ffec4406cca0140dfab831/7bfbd924-8ec0-11ee-9b1d-5eb9bb96d91f_27180020.jpg",
      "categories": [
        "UZENINY A LAHŮDKY",
        "PAŠTIKY"
      ],
      "prices": [
        {
          "store_name": "Albert",
          "price": 41.9,
          "original_price": null,
          "unit_price": 349.17,
          "unit": "Kg",
          "package_size": "120 g",
          "condition": null
        }
      ],
      "description": null
    },
    {
      "name": "Ferrero Rocher",
      "brand": "Ferrero",
      "product_url": "https://wolt.com/cs/cze/prague/venue/albert-vinohradska/ferrero-rocher-itemid-657233256818b938df9479a6",
      "image_url": "https://imageproxy.wolt.com/menu/menu-images/63ad795db242366d1f818f36/2f76f2a4-765b-11ef-b272-ce60b51ccfc4_27513552.jpg",
      "categories": [
        "TRVANLIVÉ",
        "SLADKOSTI"
      ],
      "prices": [
        {
          "store_name": "Albert",
          "price": 53.9,
          "original_price": null,
          "unit_price": 1078.0,
          "unit": "Kg",
          "package_size": "50 g",
          "condition": null
        }
      ],
      "description": null
    },
    {
      "name": "Sheba kapsička drůbeží v želé",
      "brand": "Sheba",
      "product_url": "https://wolt.com/cs/cze/prague/venue/albert-vinohradska/sheba-kapsicka-drubezi-v-zele-itemid-6601ecf001eef4f01fca30fa",
      "image_url": "https://imageproxy.wolt.com/menu/menu-images/63ad795db242366d1f818f36/4acb7f2a-7826-11f0-a522-3af5a556beee_26869858.jpg",
      "categories": [
        "ZVÍŘATA",
        "KOČKY"
      ],
      "prices": [
        {
          "store_name": "Albert",
          "price": 159.0,
          "original_price": null,
          "unit_price": 155.88,
          "unit": "Kg",
          "package_size": "1,02 kg",
          "condition": null
        }
      ],
      "description": null
    },
    {
      "name": "Vitakraft Beef Stick jehněčí",
      "brand": "Vitakraft",
      "product_url": "https://wolt.com/cs/cze/prague/venue/albert-vinohradska/vitakraft-beef-stick-jehneci-itemid-64ca0b7cba162577de489e1f",
      "image_url": "https://imageproxy.wolt.com/menu/menu-images/64ffec4406cca0140dfab831/b10d53e6-8eb5-11ee-8e9a-224a9e8cb6c6_25612790.jpg",
      "categories": [
        "ZVÍŘATA",
        "PSI"
      ],
      "prices": [
        {
          "store_name": "Albert",
          "price": 19.9,
          "original_price": null,
          "unit_price": 1658.33,
          "unit": "Kg",
          "package_size": "12 g",
          "condition": null
        }
      ],
      "description": null
    },
    {
      "name": "Efko Sušená rajčata",
      "brand": "Efko",
      "product_url": "https://wolt.com/cs/cze/prague/venue/albert-vinohradska/efko-susena-rajcata-itemid-64ca0b7cba162577de489e7e",
      "image_url": "https://imageproxy.wolt.com/menu/menu-images/63ad795db242366d1f818f36/96959d30-9796-11ef-ac8e-b20484237ae6_22721532.jpg",
      "categories": [
        "TRVANLIVÉ",
        "KONZERVOVANÉ POTR."
      ],
      "prices": [
        {
          "store_name": "Albert",
          "price": 61.9,
          "original_price": null,
          "unit_price": 651.58,
          "unit": "Kg",
          "package_size": "95 g",
          "condition": null
        }
      ],
      "description": null
    },
    {
      "name": "Menu Gold Beluga čočka černá",
      "brand": "Menu",
      "product_url": "https://wolt.com/cs/cze/prague/venue/albert-vinohradska/menu-gold-beluga-cocka-cerna-itemid-64ca0b7cba162577de489836",
      "image_url": "https://imageproxy.wolt.com/menu/menu-images/64ffec4406cca0140dfab831/8bc30dde-8eb9-11ee-9b62-76d8d681f910_26449913.jpg",
      "categories": [
        "TRVANLIVÉ",
        "RÝŽE A VAŘENÍ"
      ],
      "prices": [
        {
          "store_name": "Albert",
          "price": null,
          "original_price": null,
          "unit_price": 69.8,
          "unit": "Kg",
          "package_size": "500 g",
          "condition": "Sleva"
        }
      ],
      "description": null
    },
    {
      "name": "Relax Exotica mango",
      "brand": "Relax",
      "product_url": "https://wolt.com/cs/cze/prague/venue/albert-vinohradska/relax-exotica-mango-itemid-64ca0b7cba162577de4890e7",
      "image_url": "https://imageproxy.wolt.com/menu/menu-images/64ffec4406cca0140dfab831/a99727f8-8eb6-11ee-8b9f-06c7de8dd7bf_25800692.jpg",
      "categories": [
        "NÁPOJE",
        "DŽUSY A NEKTARY"
      ],
      "prices": [
        {
          "store_name": "Albert",
          "price": 29.9,
          "original_price": null,
          "unit_price": 29.9,
          "unit": "l",
          "package_size": "1 l",
          "condition": null
        }
      ],
      "description": null
    },
    {
      "name": "Nature's Promise Bio Rýže pestrobarevná",
      "brand": "Nature's Promise",
      "product_url": "https://wolt.com/cs/cze/prague/venue/albert-vinohradska/nature-s-promise-bio-ryze-pestrobarevna-itemid-64ca0b7cba162577de48a273",
      "image_url": "https://imageproxy.wolt.com/menu/menu-images/64ffec4406cca0140dfab831/8510f246-8ebc-11ee-89ea-fe8631c3d5e9_26848341.jpg",
      "categories": [
        "TRVANLIVÉ",
        "RÝŽE A VAŘENÍ"
      ],
      "prices": [
        {
          "store_name": "Albert",
          "price": 48.9,
          "original_price": null,
          "unit_price": 97.8,
          "unit": "Kg",
          "package_size": "500 g",
          "condition": null
        }
      ],
      "description": null
    },
    {
      "name": "YO Sirup lesní plody",
      "brand": "YO",
      "product_url": "https://wolt.com/cs/cze/prague/venue/albert-vinohradska/yo-sirup-lesni-plody-itemid-64ca0b7cba162577de488861",
      "image_url": "https://imageproxy.wolt.com/menu/menu-images/64ffec4406cca0140dfab831/b0594c6c-8eaf-11ee-a5e3-1a0ff625fca8_23476882.jpg",
      "categories": [
        "NÁPOJE",
        "SIRUPY A KONCENTRÁTY"
      ],
      "prices": [
        {
          "store_name": "Albert",
          "price": 94.9,
          "original_price": null,
          "unit_price": 135.57,
          "unit": "l",
          "package_size": "700 ml",
          "condition": null
        }
      ],
      "description": null
    },
    {
      "name": "Lilien Sea Minerals Tekuté mýdlo",
      "brand": "Lilien",
      "product_url": "https://wolt.com/cs/cze/prague/venue/albert-vinohradska/lilien-sea-minerals-tekute-mydlo-itemid-657233256818b938df9479dd",
      "image_url": "https://imageproxy.wolt.com/menu/menu-images/64ffec4406cca0140dfab831/12518e1c-8ec3-11ee-951f-fedb83882cb3_27349427.jpg",
      "categories": [
        "DROGERIE A KOSMETIKA",
        "MÝDLA A GELY"
      ],
      "prices": [
        {
          "store_name": "Albert",
          "price": 49.9,
          "original_price": null,
          "unit_price": 49.9,
          "unit": "l",
          "package_size": "1 l",
          "condition": null
        }
      ],
      "description": null
    },
    {
      "name": "Patifu Paštika delikates",
      "brand": "Patifu",
      "product_url": "https://wolt.com/cs/cze/prague/venue/albert-vinohradska/patifu-pastika-delikates-itemid-64ca0b7cba162577de488b5b",
      "image_url": "https://imageproxy.wolt.com/menu/menu-images/64ffec4406cca0140dfab831/749cea50-8ebc-11ee-8bd4-cef5e19e5e09_26844763.jpg",
      "categories": [
        "TRVANLIVÉ",
        "KONZERVOVANÉ POTR."
      ],
      "prices": [
        {
          "store_name": "Albert",
          "price": null,
          "original_price": null,
          "unit_price": 188.0,
          "unit": "Kg",
          "package_size": "100 g",
          "condition": "Sleva"
        }
      ],
      "description": null
    },
    {
      "name": "Pampers Sensitive dětské čisticí ubrousky",
      "brand": "Pampers",
      "product_url": "https://wolt.com/cs/cze/prague/venue/albert-vinohradska/pampers-sensitive-detske-cistici-ubrousky-itemid-64ca0b7cba162577de48a641",
      "image_url": "https://imageproxy.wolt.com/menu/menu-images/63ad795db242366d1f818f36/22d5fbe8-ed44-11ef-be49-46a20cae12e9_27194270.jpg",
      "categories": [
        "DÍTĚ",
        "VLHČENÉ UBROUSKY"
      ],
      "prices": [
        {
          "store_name": "Albert",
          "price": 39.9,
          "original_price": null,
          "unit_price": 0.77,
          "unit": "ks",
          "package_size": "‪52‬ kusů",
          "condition": null
        }
      ],
      "description": null
    },
    {
      "name": "Stará Žitná Myslivecká Bourbon Cask Reserve 40%",
      "brand": "Stará",
      "product_url": "https://wolt.com/cs/cze/prague/venue/albert-vinohradska/stara-zitna-myslivecka-bourbon-cask-reserve-40-itemid-657233256818b938df9485f7",
      "image_url": "https://imageproxy.wolt.com/menu/menu-images/63ad795db242366d1f818f36/4ae174e0-d671-11ee-9916-f69d49f3102c_27578230.jpg",
      "categories": [
        "NÁPOJE",
        "LIHOVINY"
      ],
      "prices": [
        {
          "store_name": "Albert",
          "price": 399.0,
          "original_price": null,
          "unit_price": 570.0,
          "unit": "l",
          "package_size": "700 ml, 40% alc",
          "condition": "18+"
        }
      ],
      "description": null
    },
    {
      "name": "Franz Josef Olivový olej extra panenský",
      "brand": "Franz",
      "product_url": "https://wolt.com/cs/cze/prague/venue/albert-vinohradska/franz-josef-olivovy-olej-extra-panensky-itemid-64ca0b7cba162577de488ff1",
      "image_url": "https://imageproxy.wolt.com/menu/menu-images/64ffec4406cca0140dfab831/cd50ff34-8eb6-11ee-878b-16e6bf59122a_25845457.jpg",
      "categories": [
        "TRVANLIVÉ",
        "OLEJE A OCTY"
      ],
      "prices": [
        {
          "store_name": "Albert",
          "price": 79.9,
          "original_price": null,
          "unit_price": 319.6,
          "unit": "l",
          "package_size": "250 ml",
          "condition": null
        }
      ],
      "description": null
    },
    {
      "name": "Panzani Olive & Basilico rajčatová omáčka",
      "brand": "Panzani",
      "product_url": "https://wolt.com/cs/cze/prague/venue/albert-vinohradska/panzani-olive-basilico-rajcatova-omacka-itemid-64ca0b7cba162577de4888ed",
      "image_url": "https://imageproxy.wolt.com/menu/menu-images/64ffec4406cca0140dfab831/cb471880-8eb2-11ee-ae01-b287692f5450_24887564.jpg",
      "categories": [
        "TRVANLIVÉ",
        "KEČUPY A HOŘČICE"
      ],
      "prices": [
        {
          "store_name": "Albert",
          "price": 48.9,
          "original_price": null,
          "unit_price": 122.25,
          "unit": "Kg",
          "package_size": "400 g",
          "condition": null
        }
      ],
      "description": null
    },
    {
      "name": "Garden Gourmet Vegan Nudličky",
      "brand": "Garden Gourmet",
      "product_url": "https://wolt.com/cs/cze/prague/venue/albert-vinohradska/garden-gourmet-vegan-nudlicky-itemid-64ca0b7cba162577de489908",
      "image_url": "https://imageproxy.wolt.com/menu/menu-images/64ffec4406cca0140dfab831/e8a46a9e-8ec2-11ee-8ace-5e8c96b8dcdd_27334522.jpg",
      "categories": [
        "UZENINY A LAHŮDKY",
        "HOTOVKY A PŘÍLOHY"
      ],
      "prices": [
        {
          "store_name": "Albert",
          "price": 69.9,
          "original_price": null,
          "unit_price": 436.88,
          "unit": "Kg",
          "package_size": "160 g",
          "condition": null
        }
      ],
      "description": null
    },
    {
      "name": "Božkov Speciál kávový 30%",
      "brand": "Božkov",
      "product_url": "https://wolt.com/cs/cze/prague/venue/albert-vinohradska/bozkov-special-kavovy-30-itemid-64ca0b7cba162577de489762",
      "image_url": "https://imageproxy.wolt.com/menu/menu-images/64ffec4406cca0140dfab831/e69c71f4-8eba-11ee-908c-865f2970631c_26692616.jpg",
      "categories": [
        "NÁPOJE",
        "LIHOVINY"
      ],
      "prices": [
        {
          "store_name": "Albert",
          "price": 149.9,
          "original_price": null,
          "unit_price": 299.8,
          "unit": "l",
          "package_size": "500 ml, 30% alc",
          "condition": "18+"
        }
      ],
      "description": null
    },
    {
      "name": "Hamé Čočka s klobásou",
      "brand": "Hamé",
      "product_url": "https://wolt.com/cs/cze/prague/venue/albert-vinohradska/hame-cocka-s-klobasou-itemid-64ca0b7cba162577de489bda",
      "image_url": "https://imageproxy.wolt.com/menu/menu-images/64ffec4406cca0140dfab831/73fa0ec6-8eac-11ee-8682-faa0c7b9848f_20306991.jpg",
      "categories": [
        "TRVANLIVÉ",
        "INSTANTNÍ POKRMY"
      ],
      "prices": [
        {
          "store_name": "Albert",
          "price": 73.9,
          "original_price": null,
          "unit_price": 184.75,
          "unit": "Kg",
          "package_size": "400 g",
          "condition": null
        }
      ],
      "description": null
    },
    {
      "name": "Twix White sušenka máčená v bílé čokoládě",
      "brand": "Twix",
      "product_url": "https://wolt.com/cs/cze/prague/venue/albert-vinohradska/twix-white-susenka-macena-v-bile-cokolade-itemid-6601f74d231e972f83979535",
      "image_url": "https://imageproxy.wolt.com/menu/menu-images/6601c613e48d1c8d95333085/d6bf10be-eae2-11ee-8aa6-26602bd55ff2_25726992.jpg",
      "categories": [
        "TRVANLIVÉ",
        "SLADKOSTI"
      ],
      "prices": [
        {
          "store_name": "Albert",
          "price": null,
          "original_price": null,
          "unit_price": 410.87,
          "unit": "Kg",
          "package_size": "46 g",
          "condition": "Sleva"
        }
      ],
      "description": null
    },
    {
      "name": "Jim Beam White Bourbon Whiskey 40%",
      "brand": "Jim",
      "product_url": "https://wolt.com/cs/cze/prague/venue/albert-vinohradska/jim-beam-white-bourbon-whiskey-40-itemid-64ca0b7cba162577de489ce8",
      "image_url": "https://imageproxy.wolt.com/menu/menu-images/64ffec4406cca0140dfab831/94c8e730-8eac-11ee-8d6e-5a1fea813fd4_20315337.jpg",
      "categories": [
        "NÁPOJE",
        "LIHOVINY"
      ],
      "prices": [
        {
          "store_name": "Albert",
          "price": 519.0,
          "original_price": null,
          "unit_price": 741.43,
          "unit": "l",
          "package_size": "700 ml, 40% alc",
          "condition": "18+"
        }
      ],
      "description": null
    },
    {
      "name": "Vitana Bistro Nudle polévka s kuřecí příchutí",
      "brand": "Vitana",
      "product_url": "https://wolt.com/cs/cze/prague/venue/albert-vinohradska/vitana-bistro-nudle-polevka-s-kureci-prichuti-itemid-657233256818b938df947ddf",
      "image_url": "https://imageproxy.wolt.com/menu/menu-images/64ffec4406cca0140dfab831/0c2c43c4-8eaf-11ee-a1cc-a64f6127a8cf_23009394.jpg",
      "categories": [
        "TRVANLIVÉ",
        "INSTANTNÍ POKRMY"
      ],
      "prices": [
        {
          "store_name": "Albert",
          "price": 31.9,
          "original_price": null,
          "unit_price": 483.33,
          "unit": "Kg",
          "package_size": "66 g",
          "condition": null
        }
      ],
      "description": null
    },
    {
      "name": "Zewa Deluxe Design papírové kapesníky",
      "brand": "Zewa",
      "product_url": "https://wolt.com/cs/cze/prague/venue/albert-vinohradska/zewa-deluxe-design-papirove-kapesniky-itemid-64ca0b7cba162577de489bf5",
      "image_url": "https://imageproxy.wolt.com/menu/menu-images/63ad795db242366d1f818f36/2e5af226-0608-11ef-8a79-76a61c8a7aa2_21492570.jpg",
      "categories": [
        "DROGERIE A KOSMETIKA",
        "PAPÍROVÁ HYGIENA"
      ],
      "prices": [
        {
          "store_name": "Albert",
          "price": 69.9,
          "original_price": null,
          "unit_price": 0.78,
          "unit": "ks",
          "package_size": "‪90‬ kusů",
          "condition": null
        }
      ],
      "description": null
    },
    {
      "name": "Persil Deep Clean Regular prací gel",
      "brand": "Persil",
      "product_url": "https://wolt.com/cs/cze/prague/venue/albert-vinohradska/persil-deep-clean-regular-praci-gel-itemid-64ca0b7cba162577de4892f8",
      "image_url": "https://imageproxy.wolt.com/menu/menu-images/64ffec4406cca0140dfab831/80c9f518-8eb5-11ee-a3b3-b287692f5450_25571882.jpg",
      "categories": [
        "DROGERIE A KOSMETIKA",
        "PRACÍ PROSTŘEDKY"
      ],
      "prices": [
        {
          "store_name": "Albert",
          "price": null,
          "original_price": null,
          "unit_price": 5.66,
          "unit": "ks",
          "package_size": "‪44‬ kusů",
          "condition": "Sleva, Vyprodáno"
        }
      ],
      "description": null
    },
    {
      "name": "Madeta Jihočeské Pomazánkové tradiční Niva",
      "brand": "Madeta",
      "product_url": "https://wolt.com/cs/cze/prague/venue/albert-vinohradska/madeta-jihoceske-pomazankove-tradicni-niva-itemid-657233256818b938df947a90",
      "image_url": "https://imageproxy.wolt.com/menu/menu-images/63ad795db242366d1f818f36/01a7d1cc-7826-11f0-92e6-fe340938dce3_24117821.jpg",
      "categories": [
        "MLÉČNÉ A CHLAZENÉ",
        "MÁSLO A TUKY"
      ],
      "prices": [
        {
          "store_name": "Albert",
          "price": null,
          "original_price": null,
          "unit_price": 199.33,
          "unit": "Kg",
          "package_size": "150 g",
          "condition": "Sleva"
        }
      ],
      "description": null
    },
    {
      "name": "Essa Čočka velkozrnná",
      "brand": "Essa",
      "product_url": "https://wolt.com/cs/cze/prague/venue/albert-vinohradska/essa-cocka-velkozrnna-itemid-64ca0b7cba162577de489143",
      "image_url": "https://imageproxy.wolt.com/menu/menu-images/64ffec4406cca0140dfab831/4ad8f6b2-8eaf-11ee-bcf4-ca6029740ad7_23239890.jpg",
      "categories": [
        "TRVANLIVÉ",
        "RÝŽE A LUŠTENINY"
      ],
      "prices": [
        {
          "store_name": "Albert",
          "price": 29.9,
          "original_price": null,
          "unit_price": 59.8,
          "unit": "Kg",
          "package_size": "500 g",
          "condition": null
        }
      ],
      "description": null
    },
    {
      "name": "Pringles paprika",
      "brand": "Pringles",
      "product_url": "https://wolt.com/cs/cze/prague/venue/albert-vinohradska/pringles-paprika-itemid-64ca0b7cba162577de4899b8",
      "image_url": "https://imageproxy.wolt.com/menu/menu-images/64ffec4406cca0140dfab831/1177e26c-8eae-11ee-b879-1240326ac0c2_21659850.jpg",
      "categories": [
        "TRVANLIVÉ",
        "SLANÉ"
      ],
      "prices": [
        {
          "store_name": "Albert",
          "price": 89.9,
          "original_price": null,
          "unit_price": 544.85,
          "unit": "Kg",
          "package_size": "165 g",
          "condition": null
        }
      ],
      "description": null
    },
    {
      "name": "Dr. Oetker Ristorante Pizza Prosciutto",
      "brand": "Dr. Oetker",
      "product_url": "https://wolt.com/cs/cze/prague/venue/albert-vinohradska/dr-oetker-ristorante-pizza-prosciutto-itemid-6876153a0c6218e9f3e5f463",
      "image_url": "https://imageproxy.wolt.com/menu/menu-images/63ad795db242366d1f818f36/2cb140b6-a8ea-11f0-9d00-c254e1fad22d_27588574.jpg",
      "categories": [
        "MRAŽENÉ POTRAVINY",
        "MRAŽENÁ PIZZA A HOTOVÁ JÍDLA"
      ],
      "prices": [
        {
          "store_name": "Albert",
          "price": 89.9,
          "original_price": null,
          "unit_price": 264.41,
          "unit": "Kg",
          "package_size": "340 g",
          "condition": null
        }
      ],
      "description": null
    },
    {
      "name": "Albert Excellent Tapas Olivy s česnekem",
      "brand": "Albert Excellent",
      "product_url": "https://wolt.com/cs/cze/prague/venue/albert-vinohradska/albert-excellent-tapas-olivy-s-cesnekem-itemid-64ca0b7cba162577de489ada",
      "image_url": "https://imageproxy.wolt.com/menu/menu-images/63ad795db242366d1f818f36/958d5f40-8e26-11f0-931c-9a159895fdd2_27643655.jpg",
      "categories": [
        "UZENINY A LAHŮDKY",
        "TAPAS"
      ],
      "prices": [
        {
          "store_name": "Albert",
          "price": 69.0,
          "original_price": null,
          "unit_price": 530.77,
          "unit": "Kg",
          "package_size": "130 g",
          "condition": null
        }
      ],
      "description": null
    },
    {
      "name": "Ludwig Chardonnay",
      "brand": "Ludwig",
      "product_url": "https://wolt.com/cs/cze/prague/venue/albert-vinohradska/ludwig-chardonnay-itemid-64ca0b7cba162577de489d5b",
      "image_url": "https://imageproxy.wolt.com/menu/menu-images/64ffec4406cca0140dfab831/9acb167c-8eb5-11ee-b9d1-eadf6ce36c9d_25587449.jpg",
      "categories": [
        "NÁPOJE",
        "VÍNA"
      ],
      "prices": [
        {
          "store_name": "Albert",
          "price": 79.9,
          "original_price": null,
          "unit_price": 106.53,
          "unit": "l",
          "package_size": "750 ml, 12% alc",
          "condition": "18+"
        }
      ],
      "description": null
    },
    {
      "name": "Ludwig Tramín červený",
      "brand": "Ludwig",
      "product_url": "https://wolt.com/cs/cze/prague/venue/albert-vinohradska/ludwig-tramin-cerveny-itemid-657233256818b938df94866c",
      "image_url": "https://imageproxy.wolt.com/menu/menu-images/64ffec4406cca0140dfab831/ec8eade6-8eb2-11ee-b471-662d260bbeaa_24906395.jpg",
      "categories": [
        "NÁPOJE",
        "VÍNA"
      ],
      "prices": [
        {
          "store_name": "Albert",
          "price": 149.9,
          "original_price": null,
          "unit_price": 199.87,
          "unit": "l",
          "package_size": "750 ml, 13,5% alc",
          "condition": "18+"
        }
      ],
      "description": null
    },
    {
      "name": "Old Spice Deep Sea sprchový gel pro muže",
      "brand": "Old",
      "product_url": "https://wolt.com/cs/cze/prague/venue/albert-vinohradska/old-spice-deep-sea-sprchovy-gel-pro-muze-itemid-657233256818b938df94837f",
      "image_url": "https://imageproxy.wolt.com/menu/menu-images/63ad795db242366d1f818f36/76d2c78a-0609-11ef-85fe-465f92d5e66c_27284384.jpg",
      "categories": [
        "DROGERIE A KOSMETIKA",
        "MÝDLA A GELY"
      ],
      "prices": [
        {
          "store_name": "Albert",
          "price": 109.9,
          "original_price": null,
          "unit_price": 274.75,
          "unit": "l",
          "package_size": "400 ml",
          "condition": null
        }
      ],
      "description": null
    },
    {
      "name": "Schwarzkopf Gliss Oil Nutritive vyživ. šampon",
      "brand": "Schwarzkopf",
      "product_url": "https://wolt.com/cs/cze/prague/venue/albert-vinohradska/schwarzkopf-gliss-oil-nutritive-vyziv-sampon-itemid-64ca0b7cba162577de489dd4",
      "image_url": "https://imageproxy.wolt.com/menu/menu-images/64ffec4406cca0140dfab831/e94a520c-8eb2-11ee-b320-f6f59196df47_24904711.jpg",
      "categories": [
        "DROGERIE A KOSMETIKA",
        "PÉČE O VLASY"
      ],
      "prices": [
        {
          "store_name": "Albert",
          "price": 119.9,
          "original_price": null,
          "unit_price": 299.75,
          "unit": "l",
          "package_size": "400 ml",
          "condition": null
        }
      ],
      "description": null
    },
    {
      "name": "Šnek se skořicí",
      "brand": null,
      "product_url": "https://wolt.com/cs/cze/prague/venue/albert-vinohradska/snek-se-skorici-itemid-64ca0b7cba162577de4884db",
      "image_url": "https://imageproxy.wolt.com/menu/menu-images/64ffec4406cca0140dfab831/79ca38a6-8eb8-11ee-b620-1627932f216d_26106205.jpg",
      "categories": [
        "PEKÁRNA A CUKRÁRNA",
        "SLADKÉ PEČIVO VOLNÉ"
      ],
      "prices": [
        {
          "store_name": "Albert",
          "price": null,
          "original_price": null,
          "unit_price": 143.75,
          "unit": "Kg",
          "package_size": "80 g",
          "condition": "Sleva"
        }
      ],
      "description": null
    },
    {
      "name": "Signal Family Care Daily White zubní pasta",
      "brand": "Signal",
      "product_url": "https://wolt.com/cs/cze/prague/venue/albert-vinohradska/signal-family-care-daily-white-zubni-pasta-itemid-64ca0b7cba162577de48920d",
      "image_url": "https://imageproxy.wolt.com/menu/menu-images/64ffec4406cca0140dfab831/527d8a5e-8eaf-11ee-b23a-f2a93e51b7a9_23257092.jpg",
      "categories": [
        "DROGERIE A KOSMETIKA",
        "ÚSTNÍ HYGIENA"
      ],
      "prices": [
        {
          "store_name": "Albert",
          "price": 52.9,
          "original_price": null,
          "unit_price": 705.33,
          "unit": "l",
          "package_size": "75 ml",
          "condition": null
        }
      ],
      "description": null
    },
    {
      "name": "Franz Josef Kaiser Tuňákový salát kuskus",
      "brand": "Franz Josef Kaiser",
      "product_url": "https://wolt.com/cs/cze/prague/venue/albert-vinohradska/franz-josef-kaiser-tunakovy-salat-kuskus-itemid-64ca0b7cba162577de48942f",
      "image_url": "https://imageproxy.wolt.com/menu/menu-images/64ffec4406cca0140dfab831/a15c998e-8ebf-11ee-b937-46136b2ea02a_27125151.jpg",
      "categories": [
        "TRVANLIVÉ",
        "KONZERVOVANÉ POTR."
      ],
      "prices": [
        {
          "store_name": "Albert",
          "price": 44.9,
          "original_price": null,
          "unit_price": 280.63,
          "unit": "Kg",
          "package_size": "160 g",
          "condition": null
        }
      ],
      "description": null
    },
    {
      "name": "Perla Čaj s příchutí jahody a vanilky",
      "brand": "Perla",
      "product_url": "https://wolt.com/cs/cze/prague/venue/albert-vinohradska/perla-caj-s-prichuti-jahody-a-vanilky-itemid-651c877443f440b4b78e988b",
      "image_url": "https://imageproxy.wolt.com/menu/menu-images/64ffec4406cca0140dfab831/debb23c6-8eca-11ee-92ea-0294722b0773_27791134.jpg",
      "categories": [
        "NÁPOJE",
        "KÁVA A ČAJ"
      ],
      "prices": [
        {
          "store_name": "Albert",
          "price": 29.9,
          "original_price": null,
          "unit_price": 747.5,
          "unit": "Kg",
          "package_size": "40 g",
          "condition": null
        }
      ],
      "description": null
    },
    {
      "name": "Franz Josef Kaiser Filety Makrely v olivovém oleji",
      "brand": "Franz Josef Kaiser",
      "product_url": "https://wolt.com/cs/cze/prague/venue/albert-vinohradska/franz-josef-kaiser-filety-makrely-v-olivovem-oleji-itemid-657233256818b938df94849c",
      "image_url": "https://imageproxy.wolt.com/menu/menu-images/64ffec4406cca0140dfab831/ce4f0e5a-8eaf-11ee-9274-3e53a922e9b0_23532724.jpg",
      "categories": [
        "TRVANLIVÉ",
        "OLEJE A OCTY"
      ],
      "prices": [
        {
          "store_name": "Albert",
          "price": 77.8,
          "original_price": null,
          "unit_price": 762.75,
          "unit": "Kg",
          "package_size": "102 g",
          "condition": null
        }
      ],
      "description": null
    },
    {
      "name": "Albert Císařská směs",
      "brand": "Albert",
      "product_url": "https://wolt.com/cs/cze/prague/venue/albert-vinohradska/albert-cisarska-smes-itemid-6876153a0c6218e9f3e5f432",
      "image_url": "https://imageproxy.wolt.com/menu/menu-images/64b62ec5e5ab70cdc92e30f0/e998e92c-616e-11f0-8954-e67d1763db0f_26364926.jpg",
      "categories": [
        "MRAŽENÉ POTRAVINY",
        "MRAŽENÉ OVOCE A ZELENINA"
      ],
      "prices": [
        {
          "store_name": "Albert",
          "price": 31.9,
          "original_price": null,
          "unit_price": 91.14,
          "unit": "Kg",
          "package_size": "350 g",
          "condition": null
        }
      ],
      "description": null
    },
    {
      "name": "Liptov Nitky neuzené",
      "brand": "Liptov",
      "product_url": "https://wolt.com/cs/cze/prague/venue/albert-vinohradska/liptov-nitky-neuzene-itemid-681b5abffcbd67bf7a8f4a36",
      "image_url": "https://imageproxy.wolt.com/menu/menu-images/63ad795db242366d1f818f36/0a1b634e-2b48-11f0-8cd6-869b82451654_27984468.jpg",
      "categories": [
        "MLÉČNÉ A CHLAZENÉ",
        "SÝRY"
      ],
      "prices": [
        {
          "store_name": "Albert",
          "price": 52.9,
          "original_price": null,
          "unit_price": 661.25,
          "unit": "Kg",
          "package_size": "80 g",
          "condition": null
        }
      ],
      "description": null
    },
    {
      "name": "Nature's Promise Bio Rýžové chlebíčky mléčné",
      "brand": "Nature's Promise",
      "product_url": "https://wolt.com/cs/cze/prague/venue/albert-vinohradska/nature-s-promise-bio-ryzove-chlebicky-mlecne-itemid-64ca0b7cba162577de488da9",
      "image_url": "https://imageproxy.wolt.com/menu/menu-images/64ffec4406cca0140dfab831/70a29294-8ec4-11ee-b820-6e71a63f1558_27474389.jpg",
      "categories": [
        "PEKÁRNA A CUKRÁRNA",
        "RACIO A KNÄCKEBROT"
      ],
      "prices": [
        {
          "store_name": "Albert",
          "price": 39.9,
          "original_price": null,
          "unit_price": 399.0,
          "unit": "Kg",
          "package_size": "100 g",
          "condition": null
        }
      ],
      "description": null
    },
    {
      "name": "Avelopa Niťovky vlasové vaječné",
      "brand": "Avelopa",
      "product_url": "https://wolt.com/cs/cze/prague/venue/albert-vinohradska/avelopa-nitovky-vlasove-vajecne-itemid-64ca0b7cba162577de489e07",
      "image_url": "https://imageproxy.wolt.com/menu/menu-images/64ffec4406cca0140dfab831/4aa9a29e-8eb5-11ee-a6b8-22a8008f3216_25535563.jpg",
      "categories": [
        "TRVANLIVÉ",
        "TĚSTOVINY A KUSKUS"
      ],
      "prices": [
        {
          "store_name": "Albert",
          "price": 53.9,
          "original_price": null,
          "unit_price": 134.75,
          "unit": "Kg",
          "package_size": "400 g",
          "condition": null
        }
      ],
      "description": null
    },
    {
      "name": "Smetanový jogurt jahoda",
      "brand": "Smetanový",
      "product_url": "https://wolt.com/cs/cze/prague/venue/albert-vinohradska/smetanovy-jogurt-jahoda-itemid-64ca0b7cba162577de48815d",
      "image_url": "https://imageproxy.wolt.com/menu/menu-images/64ffec4406cca0140dfab831/11870906-8eac-11ee-80f6-424f0985e4ef_20294076.jpg",
      "categories": [
        "MLÉČNÉ A CHLAZENÉ",
        "JOGURTY A DEZERTY"
      ],
      "prices": [
        {
          "store_name": "Albert",
          "price": null,
          "original_price": null,
          "unit_price": 79.33,
          "unit": "Kg",
          "package_size": "150 g",
          "condition": "Sleva"
        }
      ],
      "description": null
    },
    {
      "name": "World's Market Rýže Basmati sypká",
      "brand": "World's Market",
      "product_url": "https://wolt.com/cs/cze/prague/venue/albert-vinohradska/world-s-market-ryze-basmati-sypka-itemid-64ca0b7cba162577de488413",
      "image_url": "https://imageproxy.wolt.com/menu/menu-images/63ad795db242366d1f818f36/7771b300-3213-11ef-aa76-0edac6432838_26820040.jpg",
      "categories": [
        "TRVANLIVÉ",
        "RÝŽE A LUŠTENINY"
      ],
      "prices": [
        {
          "store_name": "Albert",
          "price": 34.9,
          "original_price": null,
          "unit_price": 69.8,
          "unit": "Kg",
          "package_size": "500 g",
          "condition": null
        }
      ],
      "description": null
    },
    {
      "name": "Kelímek plastový Culinaria 370 ml",
      "brand": "Kelímek",
      "product_url": "https://wolt.com/cs/cze/prague/venue/albert-vinohradska/kelimek-plastovy-culinaria-370-ml-itemid-657233256818b938df9483b4",
      "image_url": "https://imageproxy.wolt.com/menu/menu-images/64ffec4406cca0140dfab831/d65422b6-8ec3-11ee-9f5c-0eb01a66e252_27426562.jpg",
      "categories": [
        "DOMÁCNOST A ZAHRADA",
        "KUCHYŇSKÉ POTŘEBY"
      ],
      "prices": [
        {
          "store_name": "Albert",
          "price": 29.9,
          "original_price": null,
          "unit_price": 29.9,
          "unit": "ks",
          "package_size": "‪1‬ kus",
          "condition": "Vyprodáno"
        }
      ],
      "description": null
    },
    {
      "name": "Zanetti Směs strouhaných  tvrdých sýrů",
      "brand": "Zanetti",
      "product_url": "https://wolt.com/cs/cze/prague/venue/albert-vinohradska/zanetti-smes-strouhanych-tvrdych-syru-itemid-64ca0b7cba162577de489487",
      "image_url": "https://imageproxy.wolt.com/menu/menu-images/64ffec4406cca0140dfab831/f2867e30-8eb3-11ee-976e-96b10ce163de_25214482.jpg",
      "categories": [
        "MLÉČNÉ A CHLAZENÉ",
        "SÝRY"
      ],
      "prices": [
        {
          "store_name": "Albert",
          "price": 30.9,
          "original_price": null,
          "unit_price": 772.5,
          "unit": "Kg",
          "package_size": "40 g",
          "condition": null
        }
      ],
      "description": null
    },
    {
      "name": "Česká chuť Turistický salám krájený",
      "brand": "Česká chuť",
      "product_url": "https://wolt.com/cs/cze/prague/venue/albert-vinohradska/ceska-chut-turisticky-salam-krajeny-itemid-657233256818b938df947822",
      "image_url": "https://imageproxy.wolt.com/menu/menu-images/64ffec4406cca0140dfab831/ed9c57d0-8ec4-11ee-9178-a6924885d1bf_27511237.jpg",
      "categories": [
        "UZENINY A LAHŮDKY",
        "SALÁMY"
      ],
      "prices": [
        {
          "store_name": "Albert",
          "price": 33.9,
          "original_price": null,
          "unit_price": 339.0,
          "unit": "Kg",
          "package_size": "100 g",
          "condition": null
        }
      ],
      "description": null
    },
    {
      "name": "Milka Thank You Bonboniéra kakaová náplň",
      "brand": "Milka",
      "product_url": "https://wolt.com/cs/cze/prague/venue/albert-vinohradska/milka-thank-you-bonboniera-kakaova-napln-itemid-64ca0b7cba162577de489891",
      "image_url": "https://imageproxy.wolt.com/menu/menu-images/63ad795db242366d1f818f36/ad2ad4e6-c92e-11f0-8e3e-3e0dbbc2e29d_27135365.jpg",
      "categories": [
        "TRVANLIVÉ",
        "SLADKOSTI"
      ],
      "prices": [
        {
          "store_name": "Albert",
          "price": 99.9,
          "original_price": null,
          "unit_price": 908.18,
          "unit": "Kg",
          "package_size": "110 g",
          "condition": null
        }
      ],
      "description": null
    },
    {
      "name": "YO Sirup malina",
      "brand": "YO",
      "product_url": "https://wolt.com/cs/cze/prague/venue/albert-vinohradska/yo-sirup-malina-itemid-64ca0b7cba162577de4889c5",
      "image_url": "https://imageproxy.wolt.com/menu/menu-images/64ffec4406cca0140dfab831/ada319ee-8eaf-11ee-8c18-a20c72ca170b_23476851.jpg",
      "categories": [
        "NÁPOJE",
        "SIRUPY A KONCENTRÁTY"
      ],
      "prices": [
        {
          "store_name": "Albert",
          "price": 94.9,
          "original_price": null,
          "unit_price": 135.57,
          "unit": "l",
          "package_size": "700 ml",
          "condition": null
        }
      ],
      "description": null
    },
    {
      "name": "Nivea Black & White Tuhý antiperspirant 50ml",
      "brand": "Nivea",
      "product_url": "https://wolt.com/cs/cze/prague/venue/albert-vinohradska/nivea-black-white-tuhy-antiperspirant-50ml-itemid-64ca0b7cba162577de48a506",
      "image_url": "https://imageproxy.wolt.com/menu/menu-images/63ad795db242366d1f818f36/b8dc2694-0609-11ef-992e-2acb972e3b12_27694824.jpg",
      "categories": [
        "DROGERIE A KOSMETIKA",
        "DEODORANTY"
      ],
      "prices": [
        {
          "store_name": "Albert",
          "price": 89.9,
          "original_price": null,
          "unit_price": 1798.0,
          "unit": "l",
          "package_size": "50 ml",
          "condition": null
        }
      ],
      "description": null
    },
    {
      "name": "Perfect Fit Adult pro psy kuřecí",
      "brand": "Perfect Fit",
      "product_url": "https://wolt.com/cs/cze/prague/venue/albert-vinohradska/perfect-fit-adult-pro-psy-kureci-itemid-64ca0b7cba162577de488c25",
      "image_url": "https://imageproxy.wolt.com/menu/menu-images/64ffec4406cca0140dfab831/42451888-8ebd-11ee-ac4f-b29f7f1f7f8d_26933290.jpg",
      "categories": [
        "ZVÍŘATA",
        "PSI"
      ],
      "prices": [
        {
          "store_name": "Albert",
          "price": 176.0,
          "original_price": null,
          "unit_price": 213.33,
          "unit": "Kg",
          "package_size": "825 g",
          "condition": null
        }
      ],
      "description": null
    },
    {
      "name": "Milko Žervé s paprikou",
      "brand": "Milko",
      "product_url": "https://wolt.com/cs/cze/prague/venue/albert-vinohradska/milko-zerve-s-paprikou-itemid-657233256818b938df948677",
      "image_url": "https://imageproxy.wolt.com/menu/menu-images/63ad795db242366d1f818f36/7c237f32-765b-11ef-8598-7e9f14ac22d8_24593052.jpg",
      "categories": [
        "MLÉČNÉ A CHLAZENÉ",
        "SÝRY"
      ],
      "prices": [
        {
          "store_name": "Albert",
          "price": 24.9,
          "original_price": null,
          "unit_price": 311.25,
          "unit": "Kg",
          "package_size": "80 g",
          "condition": null
        }
      ],
      "description": null
    },
    {
      "name": "Vitana Do hrnečku Hovězí s celestýnskými nudlemi",
      "brand": "Vitana",
      "product_url": "https://wolt.com/cs/cze/prague/venue/albert-vinohradska/vitana-do-hrnecku-hovezi-s-celestynskymi-nudlemi-itemid-6601e1742a1c740167311cdf",
      "image_url": "https://imageproxy.wolt.com/menu/menu-images/6601c613e48d1c8d95333085/95347f58-eae2-11ee-855f-0279839fcf9e_25017649.jpg",
      "categories": [
        "TRVANLIVÉ",
        "INSTANTNÍ POKRMY"
      ],
      "prices": [
        {
          "store_name": "Albert",
          "price": 14.9,
          "original_price": null,
          "unit_price": 745.0,
          "unit": "Kg",
          "package_size": "20 g",
          "condition": null
        }
      ],
      "description": null
    },
    {
      "name": "Sunar ovocná kapsička hruška, banán, mango",
      "brand": "Sunar",
      "product_url": "https://wolt.com/cs/cze/prague/venue/albert-vinohradska/sunar-ovocna-kapsicka-hruska-banan-mango-itemid-64ca0b7cba162577de489f9e",
      "image_url": "https://imageproxy.wolt.com/menu/menu-images/64ffec4406cca0140dfab831/4760e43c-8ebd-11ee-90b4-461ac7d1f05d_26933665.jpg",
      "categories": [
        "DÍTĚ",
        "VÝŽIVA"
      ],
      "prices": [
        {
          "store_name": "Albert",
          "price": null,
          "original_price": null,
          "unit_price": 207.5,
          "unit": "Kg",
          "package_size": "120 g",
          "condition": "Sleva"
        }
      ],
      "description": null
    },
    {
      "name": "Pedigree Vital Protection kousky v želé",
      "brand": "Pedigree",
      "product_url": "https://wolt.com/cs/cze/prague/venue/albert-vinohradska/pedigree-vital-protection-kousky-v-zele-itemid-64ca0b7cba162577de489ffa",
      "image_url": "https://imageproxy.wolt.com/menu/menu-images/64ffec4406cca0140dfab831/c3580440-8eb7-11ee-b5cd-2672547c66c2_26052021.jpg",
      "categories": [
        "ZVÍŘATA",
        "PSI"
      ],
      "prices": [
        {
          "store_name": "Albert",
          "price": 189.0,
          "original_price": null,
          "unit_price": 157.5,
          "unit": "Kg",
          "package_size": "1,2 kg",
          "condition": null
        }
      ],
      "description": null
    },
    {
      "name": "Madeta Blaťácké zlato se zeleným pepřem 48%",
      "brand": "Madeta",
      "product_url": "https://wolt.com/cs/cze/prague/venue/albert-vinohradska/madeta-blatacke-zlato-se-zelenym-peprem-48-itemid-64ca0b7cba162577de489743",
      "image_url": "https://imageproxy.wolt.com/menu/menu-images/6745ec28c3b7723db3588430/126ddedc-da6b-11f0-93f9-3a2d062419c5_25433661.jpg",
      "categories": [
        "MLÉČNÉ A CHLAZENÉ",
        "SÝRY"
      ],
      "prices": [
        {
          "store_name": "Albert",
          "price": 38.9,
          "original_price": null,
          "unit_price": 324.17,
          "unit": "Kg",
          "package_size": "120 g",
          "condition": null
        }
      ],
      "description": null
    },
    {
      "name": "Kingson Ice tea černý čaj s příchutí broskve",
      "brand": "Kingson",
      "product_url": "https://wolt.com/cs/cze/prague/venue/albert-vinohradska/kingson-ice-tea-cerny-caj-s-prichuti-broskve-itemid-64ca0b7cba162577de488aa1",
      "image_url": "https://imageproxy.wolt.com/menu/menu-images/63ad795db242366d1f818f36/357d8086-bbe4-11ef-854c-ea9d0db48b93_27184035.jpg",
      "categories": [
        "NÁPOJE",
        "LIMONÁDY"
      ],
      "prices": [
        {
          "store_name": "Albert",
          "price": 11.9,
          "original_price": null,
          "unit_price": 23.8,
          "unit": "l",
          "package_size": "500 ml",
          "condition": null
        }
      ],
      "description": null
    },
    {
      "name": "Vina Mercedes Cabernet Sauvignon",
      "brand": "Vina",
      "product_url": "https://wolt.com/cs/cze/prague/venue/albert-vinohradska/vina-mercedes-cabernet-sauvignon-itemid-64ca0b7cba162577de48a167",
      "image_url": "https://imageproxy.wolt.com/menu/menu-images/64ffec4406cca0140dfab831/42eaed04-8eb7-11ee-83cc-96ff514b0205_25922882.jpg",
      "categories": [
        "NÁPOJE",
        "VÍNA"
      ],
      "prices": [
        {
          "store_name": "Albert",
          "price": 69.9,
          "original_price": null,
          "unit_price": 93.2,
          "unit": "l",
          "package_size": "750 ml, 12,5% alc",
          "condition": "18+"
        }
      ],
      "description": null
    },
    {
      "name": "Vitana Rozmarýn drcený sušený",
      "brand": "Vitana",
      "product_url": "https://wolt.com/cs/cze/prague/venue/albert-vinohradska/vitana-rozmaryn-drceny-suseny-itemid-64ca0b7cba162577de489935",
      "image_url": "https://imageproxy.wolt.com/menu/menu-images/64ffec4406cca0140dfab831/d8725c74-8eba-11ee-863f-9e446d541704_26685205.jpg",
      "categories": [
        "TRVANLIVÉ",
        "KOŘENÍ A OCHUCOVADLA"
      ],
      "prices": [
        {
          "store_name": "Albert",
          "price": 19.9,
          "original_price": null,
          "unit_price": 1105.56,
          "unit": "Kg",
          "package_size": "18 g",
          "condition": null
        }
      ],
      "description": null
    },
    {
      "name": "Kaiserka cereální",
      "brand": "Kaiserka",
      "product_url": "https://wolt.com/cs/cze/prague/venue/albert-vinohradska/kaiserka-cerealni-itemid-6601e2855402ee960d675659",
      "image_url": "https://imageproxy.wolt.com/menu/menu-images/6601c613e48d1c8d95333085/66f53b20-eae5-11ee-832d-c6ec51218b94_27838617.jpg",
      "categories": [
        "PEKÁRNA A CUKRÁRNA",
        "SLANÉ PEČIVO VOLNÉ"
      ],
      "prices": [
        {
          "store_name": "Albert",
          "price": 4.9,
          "original_price": null,
          "unit_price": 89.09,
          "unit": "Kg",
          "package_size": "55 g",
          "condition": null
        }
      ],
      "description": null
    },
    {
      "name": "Spokar X Zubní kartáček Ultrasoft",
      "brand": "Spokar",
      "product_url": "https://wolt.com/cs/cze/prague/venue/albert-vinohradska/spokar-x-zubni-kartacek-ultrasoft-itemid-64ca0b7cba162577de48a31b",
      "image_url": "https://imageproxy.wolt.com/menu/menu-images/64ffec4406cca0140dfab831/7d5a3a84-8ebd-11ee-965d-a2650c40792b_26947044.jpg",
      "categories": [
        "DROGERIE A KOSMETIKA",
        "ÚSTNÍ HYGIENA"
      ],
      "prices": [
        {
          "store_name": "Albert",
          "price": 76.9,
          "original_price": null,
          "unit_price": 76.9,
          "unit": "ks",
          "package_size": "‪1‬ kus",
          "condition": null
        }
      ],
      "description": null
    },
    {
      "name": "Trolli Dracula",
      "brand": "Trolli",
      "product_url": "https://wolt.com/cs/cze/prague/venue/albert-vinohradska/trolli-dracula-itemid-6601e42941e1200ad43e3b63",
      "image_url": "https://imageproxy.wolt.com/menu/menu-images/6601c613e48d1c8d95333085/102df7ca-eae3-11ee-9d70-0af811d5ce2c_26359069.jpg",
      "categories": [
        "TRVANLIVÉ",
        "SLADKOSTI"
      ],
      "prices": [
        {
          "store_name": "Albert",
          "price": 38.9,
          "original_price": null,
          "unit_price": 194.5,
          "unit": "Kg",
          "package_size": "200 g",
          "condition": null
        }
      ],
      "description": null
    },
    {
      "name": "Albert Toaletní papír jemný Deluxe Soft",
      "brand": "Albert",
      "product_url": "https://wolt.com/cs/cze/prague/venue/albert-vinohradska/albert-toaletni-papir-jemny-deluxe-soft-itemid-64ca0b7cba162577de488d31",
      "image_url": "https://imageproxy.wolt.com/menu/menu-images/64ffec4406cca0140dfab831/81411fba-8eb2-11ee-b8fe-22a8008f3216_24779463.jpg",
      "categories": [
        "DROGERIE A KOSMETIKA",
        "PAPÍROVÁ HYGIENA"
      ],
      "prices": [
        {
          "store_name": "Albert",
          "price": null,
          "original_price": null,
          "unit_price": 0.26,
          "unit": "ks",
          "package_size": "‪152‬ kusů",
          "condition": "Sleva"
        }
      ],
      "description": null
    },
    {
      "name": "Pickwick Ovocný čaj zázvor a citrón",
      "brand": "Pickwick",
      "product_url": "https://wolt.com/cs/cze/prague/venue/albert-vinohradska/pickwick-ovocny-caj-zazvor-a-citron-itemid-64ca0b7cba162577de488aef",
      "image_url": "https://imageproxy.wolt.com/menu/menu-images/64ffec4406cca0140dfab831/9fea00d4-8eb8-11ee-8e66-b287692f5450_26175539.jpg",
      "categories": [
        "NÁPOJE",
        "KÁVA A ČAJ"
      ],
      "prices": [
        {
          "store_name": "Albert",
          "price": 32.9,
          "original_price": null,
          "unit_price": 822.5,
          "unit": "Kg",
          "package_size": "40 g",
          "condition": null
        }
      ],
      "description": null
    },
    {
      "name": "Bref Power Aktiv Gel Lemon WC čistič",
      "brand": "Bref",
      "product_url": "https://wolt.com/cs/cze/prague/venue/albert-vinohradska/bref-power-aktiv-gel-lemon-wc-cistic-itemid-64ca0b7cba162577de489eef",
      "image_url": "https://imageproxy.wolt.com/menu/menu-images/64ffec4406cca0140dfab831/7e712f9e-8eaf-11ee-97bd-06dbe2f769e5_23331129.jpg",
      "categories": [
        "DROGERIE A KOSMETIKA",
        "ČISTÍCÍ PROSTŘEDKY"
      ],
      "prices": [
        {
          "store_name": "Albert",
          "price": 49.9,
          "original_price": null,
          "unit_price": 71.29,
          "unit": "l",
          "package_size": "700 ml",
          "condition": null
        }
      ],
      "description": null
    },
    {
      "name": "Giana Žampiony krájené",
      "brand": "Giana",
      "product_url": "https://wolt.com/cs/cze/prague/venue/albert-vinohradska/giana-zampiony-krajene-itemid-64ca0b7cba162577de488559",
      "image_url": "https://imageproxy.wolt.com/menu/menu-images/64ffec4406cca0140dfab831/2985786e-8eaf-11ee-8887-6294619ebc29_23158757.jpg",
      "categories": [
        "TRVANLIVÉ",
        "KONZERVOVANÉ POTR."
      ],
      "prices": [
        {
          "store_name": "Albert",
          "price": 49.9,
          "original_price": null,
          "unit_price": 249.5,
          "unit": "Kg",
          "package_size": "200 g",
          "condition": null
        }
      ],
      "description": null
    },
    {
      "name": "Lay's Max Strong Hot Chicken Wings",
      "brand": "Lay's",
      "product_url": "https://wolt.com/cs/cze/prague/venue/albert-vinohradska/lay-s-max-strong-hot-chicken-wings-itemid-64ca0b7cba162577de48a717",
      "image_url": "https://imageproxy.wolt.com/menu/menu-images/63ad795db242366d1f818f36/55f24c38-d671-11ee-b970-828481ed2a3e_27775158.jpg",
      "categories": [
        "TRVANLIVÉ",
        "SLANÉ"
      ],
      "prices": [
        {
          "store_name": "Albert",
          "price": 34.9,
          "original_price": null,
          "unit_price": 634.55,
          "unit": "Kg",
          "package_size": "55 g",
          "condition": null
        }
      ],
      "description": null
    },
    {
      "name": "Biolit Sprej proti lezoucímu hmyzu",
      "brand": "Biolit",
      "product_url": "https://wolt.com/cs/cze/prague/venue/albert-vinohradska/biolit-sprej-proti-lezoucimu-hmyzu-itemid-657233256818b938df9486f6",
      "image_url": "https://imageproxy.wolt.com/menu/menu-images/64ffec4406cca0140dfab831/d8965cf0-8eb5-11ee-b4d6-36180384687e_25641912.jpg",
      "categories": [
        "DOMÁCNOST A ZAHRADA",
        "DŮM A BYT"
      ],
      "prices": [
        {
          "store_name": "Albert",
          "price": 129.9,
          "original_price": null,
          "unit_price": 324.75,
          "unit": "l",
          "package_size": "400 ml",
          "condition": "Vyprodáno"
        }
      ],
      "description": null
    },
    {
      "name": "Artesie Lemon",
      "brand": "Artesie",
      "product_url": "https://wolt.com/cs/cze/prague/venue/albert-vinohradska/artesie-lemon-itemid-64ca0b7cba162577de4888b5",
      "image_url": "https://imageproxy.wolt.com/menu/menu-images/63ad795db242366d1f818f36/55840608-765b-11ef-93da-36e1043c6c93_25797930.jpg",
      "categories": [
        "NÁPOJE",
        "LIMONÁDY"
      ],
      "prices": [
        {
          "store_name": "Albert",
          "price": 9.9,
          "original_price": null,
          "unit_price": 4.95,
          "unit": "l",
          "package_size": "2 l",
          "condition": null
        }
      ],
      "description": null
    },
    {
      "name": "Nescafé Dolce Gusto Espresso bez kof. kapsle",
      "brand": "Nescafé",
      "product_url": "https://wolt.com/cs/cze/prague/venue/albert-vinohradska/nescafe-dolce-gusto-espresso-bez-kof-kapsle-itemid-657233256818b938df947c47",
      "image_url": "https://imageproxy.wolt.com/menu/menu-images/64ffec4406cca0140dfab831/59c27e32-8eb4-11ee-a360-9e446d541704_25295153.jpg",
      "categories": [
        "NÁPOJE",
        "KÁVA A ČAJ"
      ],
      "prices": [
        {
          "store_name": "Albert",
          "price": 149.9,
          "original_price": null,
          "unit_price": 9.37,
          "unit": "ks",
          "package_size": "‪16‬ kusů",
          "condition": null
        }
      ],
      "description": null
    },
    {
      "name": "Fit Müsli tyčinka meruňka v jogurtu",
      "brand": "Fit",
      "product_url": "https://wolt.com/cs/cze/prague/venue/albert-vinohradska/fit-musli-tycinka-merunka-v-jogurtu-itemid-64ca0b7cba162577de489570",
      "image_url": "https://imageproxy.wolt.com/menu/menu-images/64ffec4406cca0140dfab831/861393d8-8ead-11ee-8956-a64f6127a8cf_20836313.jpg",
      "categories": [
        "TRVANLIVÉ",
        "MÜSLI A CEREÁLIE"
      ],
      "prices": [
        {
          "store_name": "Albert",
          "price": 9.9,
          "original_price": null,
          "unit_price": 282.86,
          "unit": "Kg",
          "package_size": "35 g",
          "condition": null
        }
      ],
      "description": null
    },
    {
      "name": "Veselá Kráva Lahodná Sýr tavený",
      "brand": "Veselá",
      "product_url": "https://wolt.com/cs/cze/prague/venue/albert-vinohradska/vesela-krava-lahodna-syr-taveny-itemid-64ca0b7cba162577de4889a7",
      "image_url": "https://imageproxy.wolt.com/menu/menu-images/63ad795db242366d1f818f36/aad8e21e-c92e-11f0-ae19-66c97319db91_26841717.jpg",
      "categories": [
        "MLÉČNÉ A CHLAZENÉ",
        "SÝRY"
      ],
      "prices": [
        {
          "store_name": "Albert",
          "price": null,
          "original_price": null,
          "unit_price": 332.5,
          "unit": "Kg",
          "package_size": "120 g",
          "condition": "Sleva"
        }
      ],
      "description": null
    },
    {
      "name": "Mucha Sekt Ice",
      "brand": "Mucha",
      "product_url": "https://wolt.com/cs/cze/prague/venue/albert-vinohradska/mucha-sekt-ice-itemid-64ca0b7cba162577de48883f",
      "image_url": "https://imageproxy.wolt.com/menu/menu-images/64ffec4406cca0140dfab831/c78a4d36-8ec4-11ee-958f-22ab4de1c557_27490952.jpg",
      "categories": [
        "NÁPOJE",
        "VÍNA"
      ],
      "prices": [
        {
          "store_name": "Albert",
          "price": 184.0,
          "original_price": null,
          "unit_price": 245.33,
          "unit": "l",
          "package_size": "750 ml, 11% alc",
          "condition": "18+"
        }
      ],
      "description": null
    },
    {
      "name": "Olma Florian smetanový jogurt lískový oříšek",
      "brand": "Olma",
      "product_url": "https://wolt.com/cs/cze/prague/venue/albert-vinohradska/olma-florian-smetanovy-jogurt-liskovy-orisek-itemid-64ca0b7cba162577de48849b",
      "image_url": "https://imageproxy.wolt.com/menu/menu-images/64ffec4406cca0140dfab831/2352505a-8eac-11ee-b281-06dbe2f769e5_20295608.jpg",
      "categories": [
        "MLÉČNÉ A CHLAZENÉ",
        "JOGURTY A DEZERTY"
      ],
      "prices": [
        {
          "store_name": "Albert",
          "price": null,
          "original_price": null,
          "unit_price": 66.0,
          "unit": "Kg",
          "package_size": "150 g",
          "condition": "Sleva"
        }
      ],
      "description": null
    },
    {
      "name": "Head & Shoulders Classic šampon Anti Dandruff",
      "brand": "Head",
      "product_url": "https://wolt.com/cs/cze/prague/venue/albert-vinohradska/head-shoulders-classic-sampon-anti-dandruff-itemid-64ca0b7cba162577de489ef7",
      "image_url": "https://imageproxy.wolt.com/menu/menu-images/63ad795db242366d1f818f36/1064cb32-d671-11ee-94ca-7e650db8f8ae_23145146.jpg",
      "categories": [
        "DROGERIE A KOSMETIKA",
        "PÉČE O VLASY"
      ],
      "prices": [
        {
          "store_name": "Albert",
          "price": 144.9,
          "original_price": null,
          "unit_price": 439.09,
          "unit": "l",
          "package_size": "330 ml",
          "condition": null
        }
      ],
      "description": null
    },
    {
      "name": "Harmony Universal papírové kapesníky",
      "brand": "Harmony",
      "product_url": "https://wolt.com/cs/cze/prague/venue/albert-vinohradska/harmony-universal-papirove-kapesniky-itemid-64ca0b7cba162577de488d43",
      "image_url": "https://imageproxy.wolt.com/menu/menu-images/63ad795db242366d1f818f36/784a1f2c-9796-11ef-b817-e2fd33a21bc1_24954099.jpg",
      "categories": [
        "DROGERIE A KOSMETIKA",
        "PAPÍROVÁ HYGIENA"
      ],
      "prices": [
        {
          "store_name": "Albert",
          "price": 43.9,
          "original_price": null,
          "unit_price": 0.29,
          "unit": "ks",
          "package_size": "‪150‬ kusů",
          "condition": null
        }
      ],
      "description": null
    },
    {
      "name": "Nature's Promise Hrachové nudličky bez lepku",
      "brand": "Nature's Promise",
      "product_url": "https://wolt.com/cs/cze/prague/venue/albert-vinohradska/nature-s-promise-hrachove-nudlicky-bez-lepku-itemid-681b5abffcbd67bf7a8f4b41",
      "image_url": "https://imageproxy.wolt.com/menu/menu-images/63ad795db242366d1f818f36/c33509d0-2b47-11f0-aace-de824329186e_27967959.jpg",
      "categories": [
        "TRVANLIVÉ",
        "TĚSTOVINY A KUSKUS"
      ],
      "prices": [
        {
          "store_name": "Albert",
          "price": null,
          "original_price": null,
          "unit_price": 465.33,
          "unit": "Kg",
          "package_size": "75 g",
          "condition": "Sleva"
        }
      ],
      "description": null
    },
    {
      "name": "Bombus Protein 30% Vanilla & Crispies",
      "brand": "Bombus",
      "product_url": "https://wolt.com/cs/cze/prague/venue/albert-vinohradska/bombus-protein-30-vanilla-crispies-itemid-6601e149e4ac0e5a178bf2d8",
      "image_url": "https://imageproxy.wolt.com/menu/menu-images/6601c613e48d1c8d95333085/00e23924-eae4-11ee-b1f4-5a414db1e559_27318829.jpg",
      "categories": [
        "TRVANLIVÉ",
        "MÜSLI A CEREÁLIE"
      ],
      "prices": [
        {
          "store_name": "Albert",
          "price": null,
          "original_price": null,
          "unit_price": 498.0,
          "unit": "Kg",
          "package_size": "50 g",
          "condition": "Sleva"
        }
      ],
      "description": null
    },
    {
      "name": "Dream&Co Kornouty Vanilka a čokoláda",
      "brand": "Dream&Co",
      "product_url": "https://wolt.com/cs/cze/prague/venue/albert-vinohradska/dream-co-kornouty-vanilka-a-cokolada-itemid-6876153a0c6218e9f3e5f47d",
      "image_url": "https://imageproxy.wolt.com/menu/menu-images/64b62ec5e5ab70cdc92e30f0/2a3400f2-616f-11f0-b9ff-4e92ee44ffbc_27829387.jpg",
      "categories": [
        "MRAŽENÉ POTRAVINY",
        "ZMRZLINA A NANUKY"
      ],
      "prices": [
        {
          "store_name": "Albert",
          "price": 109.9,
          "original_price": null,
          "unit_price": 152.64,
          "unit": "l",
          "package_size": "720 ml",
          "condition": null
        }
      ],
      "description": null
    },
    {
      "name": "Madeta Blaťácké zlato s vlašskými ořechy 48%",
      "brand": "Madeta",
      "product_url": "https://wolt.com/cs/cze/prague/venue/albert-vinohradska/madeta-blatacke-zlato-s-vlasskymi-orechy-48-itemid-64ca0b7cba162577de4896e8",
      "image_url": "https://imageproxy.wolt.com/menu/menu-images/6745ec28c3b7723db3588430/12711480-da6b-11f0-80cd-2ee746ad4dec_25433678.jpg",
      "categories": [
        "MLÉČNÉ A CHLAZENÉ",
        "SÝRY"
      ],
      "prices": [
        {
          "store_name": "Albert",
          "price": 38.9,
          "original_price": null,
          "unit_price": 324.17,
          "unit": "Kg",
          "package_size": "120 g",
          "condition": null
        }
      ],
      "description": null
    },
    {
      "name": "Franz Josef Kaiser Olivy plněné tuňákovou pastou",
      "brand": "Franz Josef Kaiser",
      "product_url": "https://wolt.com/cs/cze/prague/venue/albert-vinohradska/franz-josef-kaiser-olivy-plnene-tunakovou-pastou-itemid-64ca0b7cba162577de489bf6",
      "image_url": "https://imageproxy.wolt.com/menu/menu-images/64ffec4406cca0140dfab831/98256500-8eb3-11ee-8d71-1ec840397d06_25078091.jpg",
      "categories": [
        "TRVANLIVÉ",
        "KONZERVOVANÉ POTR."
      ],
      "prices": [
        {
          "store_name": "Albert",
          "price": 54.9,
          "original_price": null,
          "unit_price": 422.31,
          "unit": "Kg",
          "package_size": "130 g",
          "condition": null
        }
      ],
      "description": null
    },
    {
      "name": "Opavia Zlaté oplatky lískooříšková náplň",
      "brand": "Opavia",
      "product_url": "https://wolt.com/cs/cze/prague/venue/albert-vinohradska/opavia-zlate-oplatky-liskooriskova-napln-itemid-64ca0b7cba162577de488fed",
      "image_url": "https://imageproxy.wolt.com/menu/menu-images/63ad795db242366d1f818f36/d087c61e-5efa-11ef-84cc-2e7eda0545f6_20838966.jpg",
      "categories": [
        "TRVANLIVÉ",
        "SLADKOSTI"
      ],
      "prices": [
        {
          "store_name": "Albert",
          "price": 35.9,
          "original_price": null,
          "unit_price": 245.89,
          "unit": "Kg",
          "package_size": "146 g",
          "condition": null
        }
      ],
      "description": null
    },
    {
      "name": "Vitana Bazalka",
      "brand": "Vitana",
      "product_url": "https://wolt.com/cs/cze/prague/venue/albert-vinohradska/vitana-bazalka-itemid-64ca0b7cba162577de489571",
      "image_url": "https://imageproxy.wolt.com/menu/menu-images/64ffec4406cca0140dfab831/b9a318c4-8eba-11ee-bb7f-2a867062f6f7_26684598.jpg",
      "categories": [
        "TRVANLIVÉ",
        "KOŘENÍ A OCHUCOVADLA"
      ],
      "prices": [
        {
          "store_name": "Albert",
          "price": 19.9,
          "original_price": null,
          "unit_price": 2487.5,
          "unit": "Kg",
          "package_size": "8 g",
          "condition": null
        }
      ],
      "description": null
    },
    {
      "name": "Albert Excellent Tapas Lanýžová majonéza",
      "brand": "Albert Excellent",
      "product_url": "https://wolt.com/cs/cze/prague/venue/albert-vinohradska/albert-excellent-tapas-lanyzova-majoneza-itemid-64ca0b7cba162577de489a7a",
      "image_url": "https://imageproxy.wolt.com/menu/menu-images/64ffec4406cca0140dfab831/26976064-8ec7-11ee-8e6a-f29ca2c99672_27643785.jpg",
      "categories": [
        "UZENINY A LAHŮDKY",
        "TAPAS"
      ],
      "prices": [
        {
          "store_name": "Albert",
          "price": 69.0,
          "original_price": null,
          "unit_price": 690.0,
          "unit": "Kg",
          "package_size": "100 g",
          "condition": null
        }
      ],
      "description": null
    },
    {
      "name": "Fantasia Jogurt s jahodami",
      "brand": "Fantasia",
      "product_url": "https://wolt.com/cs/cze/prague/venue/albert-vinohradska/fantasia-jogurt-s-jahodami-itemid-64ca0b7cba162577de48968e",
      "image_url": "https://imageproxy.wolt.com/menu/menu-images/64ffec4406cca0140dfab831/8313abd4-8eb0-11ee-90b4-ca3c3355ab39_23853348.jpg",
      "categories": [
        "MLÉČNÉ A CHLAZENÉ",
        "JOGURTY A DEZERTY"
      ],
      "prices": [
        {
          "store_name": "Albert",
          "price": 22.9,
          "original_price": null,
          "unit_price": 194.07,
          "unit": "Kg",
          "package_size": "118 g",
          "condition": null
        }
      ],
      "description": null
    },
    {
      "name": "Milka Pomazánka lískooříšková",
      "brand": "Milka",
      "product_url": "https://wolt.com/cs/cze/prague/venue/albert-vinohradska/milka-pomazanka-liskooriskova-itemid-64ca0b7cba162577de488441",
      "image_url": "https://imageproxy.wolt.com/menu/menu-images/63ad795db242366d1f818f36/f3febe1e-377b-11ef-bbca-06ca7c50333b_27497081.jpg",
      "categories": [
        "TRVANLIVÉ",
        "MEDY A SL. POMAZÁNKY"
      ],
      "prices": [
        {
          "store_name": "Albert",
          "price": 114.9,
          "original_price": null,
          "unit_price": 328.29,
          "unit": "Kg",
          "package_size": "350 g",
          "condition": null
        }
      ],
      "description": null
    },
    {
      "name": "Emco Tyčinka 100 % lesní ovoce",
      "brand": "Emco",
      "product_url": "https://wolt.com/cs/cze/prague/venue/albert-vinohradska/emco-tycinka-100-lesni-ovoce-itemid-660211fde5683726638270bf",
      "image_url": "https://imageproxy.wolt.com/menu/menu-images/63ad795db242366d1f818f36/9a34a7a4-be3e-11f0-99a2-feae9614ca79_26626390.jpg",
      "categories": [
        "TRVANLIVÉ",
        "MÜSLI A CEREÁLIE"
      ],
      "prices": [
        {
          "store_name": "Albert",
          "price": 18.9,
          "original_price": null,
          "unit_price": 630.0,
          "unit": "Kg",
          "package_size": "30 g",
          "condition": null
        }
      ],
      "description": null
    },
    {
      "name": "Kinder Choco Fresh",
      "brand": "Kinder",
      "product_url": "https://wolt.com/cs/cze/prague/venue/albert-vinohradska/kinder-choco-fresh-itemid-657233256818b938df948c54",
      "image_url": "https://imageproxy.wolt.com/menu/menu-images/63ad795db242366d1f818f36/fe05e1e4-7a83-11ef-8d09-3a528259629e_27201909.jpg",
      "categories": [
        "MLÉČNÉ A CHLAZENÉ",
        "JOGURTY A DEZERTY"
      ],
      "prices": [
        {
          "store_name": "Albert",
          "price": 36.9,
          "original_price": null,
          "unit_price": 900.0,
          "unit": "Kg",
          "package_size": "41 g",
          "condition": null
        }
      ],
      "description": null
    },
    {
      "name": "Franz Josef Kaiser Tuňák ve slunečnicovém oleji",
      "brand": "Franz Josef Kaiser",
      "product_url": "https://wolt.com/cs/cze/prague/venue/albert-vinohradska/franz-josef-kaiser-tunak-ve-slunecnicovem-oleji-itemid-64ca0b7cba162577de48a2fe",
      "image_url": "https://imageproxy.wolt.com/menu/menu-images/64ffec4406cca0140dfab831/3067d8b4-8eb6-11ee-aa6b-1e037cde04d4_25708578.jpg",
      "categories": [
        "TRVANLIVÉ",
        "KONZERVOVANÉ POTR."
      ],
      "prices": [
        {
          "store_name": "Albert",
          "price": 82.9,
          "original_price": null,
          "unit_price": 797.12,
          "unit": "Kg",
          "package_size": "104 g",
          "condition": "Vyprodáno"
        }
      ],
      "description": null
    },
    {
      "name": "Pickwick Ovocný čaj Forest Fruit",
      "brand": "Pickwick",
      "product_url": "https://wolt.com/cs/cze/prague/venue/albert-vinohradska/pickwick-ovocny-caj-forest-fruit-itemid-64ca0b7cba162577de4889b9",
      "image_url": "https://imageproxy.wolt.com/menu/menu-images/63ad795db242366d1f818f36/9944f1c2-aef6-11ee-a719-66af11052e7e_25547665.jpg",
      "categories": [
        "NÁPOJE",
        "KÁVA A ČAJ"
      ],
      "prices": [
        {
          "store_name": "Albert",
          "price": 32.9,
          "original_price": null,
          "unit_price": 940.0,
          "unit": "Kg",
          "package_size": "35 g",
          "condition": null
        }
      ],
      "description": null
    },
    {
      "name": "Nature's Promise Bio Sójové boby",
      "brand": "Nature's Promise",
      "product_url": "https://wolt.com/cs/cze/prague/venue/albert-vinohradska/nature-s-promise-bio-sojove-boby-itemid-681b5abffcbd67bf7a8f49fb",
      "image_url": "https://imageproxy.wolt.com/menu/menu-images/63ad795db242366d1f818f36/7431ee84-2b47-11f0-8c91-b252fe80aa64_27878521.jpg",
      "categories": [
        "TRVANLIVÉ",
        "RÝŽE A LUŠTENINY"
      ],
      "prices": [
        {
          "store_name": "Albert",
          "price": 34.9,
          "original_price": null,
          "unit_price": 69.8,
          "unit": "Kg",
          "package_size": "500 g",
          "condition": null
        }
      ],
      "description": null
    },
    {
      "name": "Olma Míša tvarohový mls smetanový",
      "brand": "Olma",
      "product_url": "https://wolt.com/cs/cze/prague/venue/albert-vinohradska/olma-misa-tvarohovy-mls-smetanovy-itemid-64ca0b7cba162577de488201",
      "image_url": "https://imageproxy.wolt.com/menu/menu-images/64ffec4406cca0140dfab831/f6c89e6e-8ec3-11ee-b4e0-0aca939bb6cd_27434314.jpg",
      "categories": [
        "MLÉČNÉ A CHLAZENÉ",
        "JOGURTY A DEZERTY"
      ],
      "prices": [
        {
          "store_name": "Albert",
          "price": 16.9,
          "original_price": null,
          "unit_price": 130.0,
          "unit": "Kg",
          "package_size": "130 g",
          "condition": null
        }
      ],
      "description": null
    },
    {
      "name": "Kotányi Kari",
      "brand": "Kotányi",
      "product_url": "https://wolt.com/cs/cze/prague/venue/albert-vinohradska/kotanyi-kari-itemid-64ca0b7cba162577de489f66",
      "image_url": "https://imageproxy.wolt.com/menu/menu-images/64ffec4406cca0140dfab831/9bade342-8ead-11ee-8219-2e6db99b5925_20952846.jpg",
      "categories": [
        "TRVANLIVÉ",
        "KOŘENÍ A OCHUCOVADLA"
      ],
      "prices": [
        {
          "store_name": "Albert",
          "price": 27.9,
          "original_price": null,
          "unit_price": 1033.33,
          "unit": "Kg",
          "package_size": "27 g",
          "condition": null
        }
      ],
      "description": null
    },
    {
      "name": "Bepanthen Baby mast",
      "brand": "Bepanthen",
      "product_url": "https://wolt.com/cs/cze/prague/venue/albert-vinohradska/bepanthen-baby-mast-itemid-64ca0b7cba162577de488ca9",
      "image_url": "https://imageproxy.wolt.com/menu/menu-images/64ffec4406cca0140dfab831/13daf2c0-8ec1-11ee-8e95-2254ad732fe4_27212073.jpg",
      "categories": [
        "DÍTĚ",
        "DĚTSKÁ KOSMETIKA"
      ],
      "prices": [
        {
          "store_name": "Albert",
          "price": 169.0,
          "original_price": null,
          "unit_price": 5633.33,
          "unit": "Kg",
          "package_size": "30 g",
          "condition": null
        }
      ],
      "description": null
    },
    {
      "name": "Medvědí Krev Červené bulharské víno",
      "brand": "Medvědí",
      "product_url": "https://wolt.com/cs/cze/prague/venue/albert-vinohradska/medvedi-krev-cervene-bulharske-vino-itemid-657233256818b938df948652",
      "image_url": "https://imageproxy.wolt.com/menu/menu-images/64ffec4406cca0140dfab831/f7c88780-8eae-11ee-ae58-0ac38c9dbe6d_22953292.jpg",
      "categories": [
        "NÁPOJE",
        "VÍNA"
      ],
      "prices": [
        {
          "store_name": "Albert",
          "price": 69.9,
          "original_price": null,
          "unit_price": 93.2,
          "unit": "l",
          "package_size": "750 ml, 11% alc",
          "condition": "18+"
        }
      ],
      "description": null
    },
    {
      "name": "Albert Taška skládací",
      "brand": "Albert",
      "product_url": "https://wolt.com/cs/cze/prague/venue/albert-vinohradska/albert-taska-skladaci-itemid-64ca0b7cba162577de48a3c4",
      "image_url": "https://imageproxy.wolt.com/menu/menu-images/64ffec4406cca0140dfab831/6fa82b48-8ec3-11ee-ab96-2254ad732fe4_27383049.jpg",
      "categories": [
        "DOMÁCNOST A ZAHRADA",
        "KUCHYŇSKÉ POTŘEBY"
      ],
      "prices": [
        {
          "store_name": "Albert",
          "price": 49.9,
          "original_price": null,
          "unit_price": 49.9,
          "unit": "ks",
          "package_size": "‪1‬ kus",
          "condition": null
        }
      ],
      "description": null
    },
    {
      "name": "Barilla Penne Rigate N °73",
      "brand": "Barilla",
      "product_url": "https://wolt.com/cs/cze/prague/venue/albert-vinohradska/barilla-penne-rigate-n-73-itemid-64ca0b7cba162577de489079",
      "image_url": "https://imageproxy.wolt.com/menu/menu-images/64ffec4406cca0140dfab831/c0c71d60-8ead-11ee-915b-f62fd0b321c8_21210693.jpg",
      "categories": [
        "TRVANLIVÉ",
        "TĚSTOVINY A KUSKUS"
      ],
      "prices": [
        {
          "store_name": "Albert",
          "price": 64.9,
          "original_price": null,
          "unit_price": 129.8,
          "unit": "Kg",
          "package_size": "500 g",
          "condition": null
        }
      ],
      "description": null
    },
    {
      "name": "Nature's Promise Kuskus s uzeným tofu a zeleninou",
      "brand": "Nature's Promise",
      "product_url": "https://wolt.com/cs/cze/prague/venue/albert-vinohradska/nature-s-promise-kuskus-s-uzenym-tofu-a-zeleninou-itemid-657233256818b938df947c8f",
      "image_url": "https://imageproxy.wolt.com/menu/menu-images/64ffec4406cca0140dfab831/d4af61c6-8ebb-11ee-9106-02af1dc0d2ec_26806372.jpg",
      "categories": [
        "UZENINY A LAHŮDKY",
        "HOTOVKY A PŘÍLOHY"
      ],
      "prices": [
        {
          "store_name": "Albert",
          "price": null,
          "original_price": null,
          "unit_price": 149.75,
          "unit": "Kg",
          "package_size": "400 g",
          "condition": "Sleva, Vyprodáno"
        }
      ],
      "description": null
    },
    {
      "name": "Emma Mandle pražené uzená příchuť",
      "brand": "Emma",
      "product_url": "https://wolt.com/cs/cze/prague/venue/albert-vinohradska/emma-mandle-prazene-uzena-prichut-itemid-64ca0b7cba162577de488b3b",
      "image_url": "https://imageproxy.wolt.com/menu/menu-images/63ad795db242366d1f818f36/030af18a-a8ea-11f0-b7fb-322f080faa26_25156430.jpg",
      "categories": [
        "OVOCE A ZELENINA",
        "SUCHÉ PLODY"
      ],
      "prices": [
        {
          "store_name": "Albert",
          "price": null,
          "original_price": null,
          "unit_price": 339.0,
          "unit": "Kg",
          "package_size": "100 g",
          "condition": "Sleva"
        }
      ],
      "description": null
    },
    {
      "name": "Rama máslová příchuť",
      "brand": "Rama",
      "product_url": "https://wolt.com/cs/cze/prague/venue/albert-vinohradska/rama-maslova-prichut-itemid-64ca0b7cba162577de489687",
      "image_url": "https://imageproxy.wolt.com/menu/menu-images/63ad795db242366d1f818f36/6ae45c74-f0d1-11ee-99f1-462c0e2d2291_25232202.jpg",
      "categories": [
        "MLÉČNÉ A CHLAZENÉ",
        "MÁSLO A TUKY"
      ],
      "prices": [
        {
          "store_name": "Albert",
          "price": null,
          "original_price": null,
          "unit_price": 124.75,
          "unit": "Kg",
          "package_size": "400 g",
          "condition": "Sleva"
        }
      ],
      "description": null
    },
    {
      "name": "Président Camembert",
      "brand": "Président",
      "product_url": "https://wolt.com/cs/cze/prague/venue/albert-vinohradska/president-camembert-itemid-64ca0b7cba162577de4892bc",
      "image_url": "https://imageproxy.wolt.com/menu/menu-images/64ffec4406cca0140dfab831/faad8632-8eb1-11ee-a86b-f6f59196df47_24629812.jpg",
      "categories": [
        "MLÉČNÉ A CHLAZENÉ",
        "SÝRY"
      ],
      "prices": [
        {
          "store_name": "Albert",
          "price": 47.9,
          "original_price": null,
          "unit_price": 532.22,
          "unit": "Kg",
          "package_size": "90 g",
          "condition": null
        }
      ],
      "description": null
    },
    {
      "name": "St. Dalfour Pomazánka brusinka a borůvka",
      "brand": "St. Dalfour",
      "product_url": "https://wolt.com/cs/cze/prague/venue/albert-vinohradska/st-dalfour-pomazanka-brusinka-a-boruvka-itemid-681b5abffcbd67bf7a8f4ad2",
      "image_url": "https://imageproxy.wolt.com/menu/menu-images/63ad795db242366d1f818f36/05130182-2b47-11f0-82b0-0ed9bcca9bb3_23611771.jpg",
      "categories": [
        "TRVANLIVÉ",
        "KONZERVOVANÉ POTR."
      ],
      "prices": [
        {
          "store_name": "Albert",
          "price": 99.9,
          "original_price": null,
          "unit_price": 351.76,
          "unit": "Kg",
          "package_size": "284 g",
          "condition": null
        }
      ],
      "description": null
    },
    {
      "name": "Originální hospodské brambůrky solené",
      "brand": null,
      "product_url": "https://wolt.com/cs/cze/prague/venue/albert-vinohradska/originalni-hospodske-bramburky-solene-itemid-64ca0b7cba162577de4893ea",
      "image_url": "https://imageproxy.wolt.com/menu/menu-images/64ffec4406cca0140dfab831/0e513828-8ec6-11ee-8d45-2e546726778e_27597132.jpg",
      "categories": [
        "TRVANLIVÉ",
        "SLANÉ"
      ],
      "prices": [
        {
          "store_name": "Albert",
          "price": 39.9,
          "original_price": null,
          "unit_price": 221.67,
          "unit": "Kg",
          "package_size": "180 g",
          "condition": null
        }
      ],
      "description": null
    },
    {
      "name": "Nature's Promise Bio Třtinový cukr",
      "brand": "Nature's Promise",
      "product_url": "https://wolt.com/cs/cze/prague/venue/albert-vinohradska/nature-s-promise-bio-trtinovy-cukr-itemid-64ca0b7cba162577de48a54d",
      "image_url": "https://imageproxy.wolt.com/menu/menu-images/64ffec4406cca0140dfab831/16e1f578-8ec5-11ee-bc4b-2e546726778e_27519714.jpg",
      "categories": [
        "TRVANLIVÉ",
        "PEČENÍ A VAŘENÍ"
      ],
      "prices": [
        {
          "store_name": "Albert",
          "price": null,
          "original_price": null,
          "unit_price": 72.25,
          "unit": "Kg",
          "package_size": "400 g",
          "condition": "Sleva"
        }
      ],
      "description": null
    },
    {
      "name": "President Šlehačka ve spreji",
      "brand": "President",
      "product_url": "https://wolt.com/cs/cze/prague/venue/albert-vinohradska/president-slehacka-ve-spreji-itemid-657233256818b938df9485f6",
      "image_url": "https://imageproxy.wolt.com/menu/menu-images/64ffec4406cca0140dfab831/9485f6f4-8eb2-11ee-84a9-3a1814765055_24833349.jpg",
      "categories": [
        "MLÉČNÉ A CHLAZENÉ",
        "MLÉČNÉ NÁPOJE"
      ],
      "prices": [
        {
          "store_name": "Albert",
          "price": 99.9,
          "original_price": null,
          "unit_price": 399.6,
          "unit": "Kg",
          "package_size": "250 g",
          "condition": null
        }
      ],
      "description": null
    },
    {
      "name": "Albert Šunka nejvyšší jakosti",
      "brand": "Albert",
      "product_url": "https://wolt.com/cs/cze/prague/venue/albert-vinohradska/albert-sunka-nejvyssi-jakosti-itemid-64ca0b7cba162577de489128",
      "image_url": "https://imageproxy.wolt.com/menu/menu-images/64ffec4406cca0140dfab831/159fc30a-8ec2-11ee-b54b-52a1105d3d68_27279717.jpg",
      "categories": [
        "UZENINY A LAHŮDKY",
        "ŠUNKY A SLANINY"
      ],
      "prices": [
        {
          "store_name": "Albert",
          "price": 56.9,
          "original_price": null,
          "unit_price": 284.5,
          "unit": "Kg",
          "package_size": "200 g",
          "condition": null
        }
      ],
      "description": null
    },
    {
      "name": "Spak Americký dressing s jogurtem",
      "brand": "Spak",
      "product_url": "https://wolt.com/cs/cze/prague/venue/albert-vinohradska/spak-americky-dressing-s-jogurtem-itemid-64ca0b7cba162577de489710",
      "image_url": "https://imageproxy.wolt.com/menu/menu-images/63ad795db242366d1f818f36/8e8c5ff0-be3e-11f0-99f0-76cc0dda4c56_23571808.jpg",
      "categories": [
        "TRVANLIVÉ",
        "KEČUPY A HOŘČICE"
      ],
      "prices": [
        {
          "store_name": "Albert",
          "price": 69.9,
          "original_price": null,
          "unit_price": 279.6,
          "unit": "Kg",
          "package_size": "250 g",
          "condition": null
        }
      ],
      "description": null
    },
    {
      "name": "Spokar X Zubní kartáček Soft",
      "brand": "Spokar",
      "product_url": "https://wolt.com/cs/cze/prague/venue/albert-vinohradska/spokar-x-zubni-kartacek-soft-itemid-657233256818b938df947f7d",
      "image_url": "https://imageproxy.wolt.com/menu/menu-images/64ffec4406cca0140dfab831/773adc26-8ebd-11ee-a41c-461ac7d1f05d_26947020.jpg",
      "categories": [
        "DROGERIE A KOSMETIKA",
        "ÚSTNÍ HYGIENA"
      ],
      "prices": [
        {
          "store_name": "Albert",
          "price": 76.9,
          "original_price": null,
          "unit_price": 76.9,
          "unit": "ks",
          "package_size": "‪1‬ kus",
          "condition": null
        }
      ],
      "description": null
    },
    {
      "name": "Sommelier Collection Prosecco Rosé DOC",
      "brand": "Sommelier",
      "product_url": "https://wolt.com/cs/cze/prague/venue/albert-vinohradska/sommelier-collection-prosecco-rose-doc-itemid-657233256818b938df9483b2",
      "image_url": "https://imageproxy.wolt.com/menu/menu-images/64ffec4406cca0140dfab831/6edbdbdc-8ec9-11ee-be76-fa8414d4bbe8_27749227.jpg",
      "categories": [
        "NÁPOJE",
        "VÍNA"
      ],
      "prices": [
        {
          "store_name": "Albert",
          "price": 259.0,
          "original_price": null,
          "unit_price": 345.33,
          "unit": "l",
          "package_size": "750 ml, 11% alc",
          "condition": "18+"
        }
      ],
      "description": null
    },
    {
      "name": "Emma Směs ořechů natural",
      "brand": "Emma",
      "product_url": "https://wolt.com/cs/cze/prague/venue/albert-vinohradska/emma-smes-orechu-natural-itemid-64ca0b7cba162577de4889a3",
      "image_url": "https://imageproxy.wolt.com/menu/menu-images/63ad795db242366d1f818f36/ff4bd0f6-d995-11ef-ba43-9e398290e3f6_23707030.jpg",
      "categories": [
        "OVOCE A ZELENINA",
        "SUCHÉ PLODY"
      ],
      "prices": [
        {
          "store_name": "Albert",
          "price": 79.9,
          "original_price": null,
          "unit_price": 399.5,
          "unit": "Kg",
          "package_size": "200 g",
          "condition": null
        }
      ],
      "description": null
    },
    {
      "name": "Opavia Zlaté Polomáčené Mini sušenky hořké",
      "brand": "Opavia",
      "product_url": "https://wolt.com/cs/cze/prague/venue/albert-vinohradska/opavia-zlate-polomacene-mini-susenky-horke-itemid-64ca0b7cba162577de489813",
      "image_url": "https://imageproxy.wolt.com/menu/menu-images/64ffec4406cca0140dfab831/2407610c-8eb6-11ee-b5cd-2672547c66c2_25698817.jpg",
      "categories": [
        "TRVANLIVÉ",
        "SLADKOSTI"
      ],
      "prices": [
        {
          "store_name": "Albert",
          "price": 33.9,
          "original_price": null,
          "unit_price": 233.79,
          "unit": "Kg",
          "package_size": "145 g",
          "condition": null
        }
      ],
      "description": null
    },
    {
      "name": "Adriana Tradizionale Spaghetti semolinové",
      "brand": "Adriana",
      "product_url": "https://wolt.com/cs/cze/prague/venue/albert-vinohradska/adriana-tradizionale-spaghettisemolinove-itemid-64ca0b7cba162577de48955b",
      "image_url": "https://imageproxy.wolt.com/menu/menu-images/64ffec4406cca0140dfab831/e73c8fb8-8ebf-11ee-b62e-3a3bddbb56de_27142929.jpg",
      "categories": [
        "TRVANLIVÉ",
        "TĚSTOVINY A KUSKUS"
      ],
      "prices": [
        {
          "store_name": "Albert",
          "price": 52.9,
          "original_price": null,
          "unit_price": 105.8,
          "unit": "Kg",
          "package_size": "500 g",
          "condition": null
        }
      ],
      "description": null
    },
    {
      "name": "Magnesia Go Neperlivá přírodní minerální voda",
      "brand": "Magnesia",
      "product_url": "https://wolt.com/cs/cze/prague/venue/albert-vinohradska/magnesia-go-neperliva-prirodni-mineralni-voda-itemid-64ca0b7cba162577de489449",
      "image_url": "https://imageproxy.wolt.com/menu/menu-images/63ad795db242366d1f818f36/3092a3d4-9796-11ef-ab2f-6e406f93c138_26364421.jpg",
      "categories": [
        "NÁPOJE",
        "VODY A MINERÁLKY"
      ],
      "prices": [
        {
          "store_name": "Albert",
          "price": 19.9,
          "original_price": null,
          "unit_price": 26.53,
          "unit": "l",
          "package_size": "750 ml",
          "condition": null
        }
      ],
      "description": null
    },
    {
      "name": "Albert Eidam 30% plátky",
      "brand": "Albert",
      "product_url": "https://wolt.com/cs/cze/prague/venue/albert-vinohradska/albert-eidam-30-platky-itemid-64ca0b7cba162577de48819f",
      "image_url": "https://imageproxy.wolt.com/menu/menu-images/64ffec4406cca0140dfab831/22a2fd88-8ebd-11ee-9bc5-06cf0d3d89bd_26916095.jpg",
      "categories": [
        "MLÉČNÉ A CHLAZENÉ",
        "SÝRY"
      ],
      "prices": [
        {
          "store_name": "Albert",
          "price": 21.9,
          "original_price": null,
          "unit_price": 219.0,
          "unit": "Kg",
          "package_size": "100 g",
          "condition": null
        }
      ],
      "description": null
    },
    {
      "name": "Vinařství Popice Tramín červený pozdní sběr",
      "brand": "Vinařství",
      "product_url": "https://wolt.com/cs/cze/prague/venue/albert-vinohradska/vinarstvi-popice-tramin-cerveny-pozdni-sber-itemid-657233256818b938df94861f",
      "image_url": "https://imageproxy.wolt.com/menu/menu-images/64ffec4406cca0140dfab831/2fc3ce76-8ebc-11ee-b9cf-cef5e19e5e09_26829524.jpg",
      "categories": [
        "NÁPOJE",
        "VÍNA"
      ],
      "prices": [
        {
          "store_name": "Albert",
          "price": 239.0,
          "original_price": null,
          "unit_price": 318.67,
          "unit": "l",
          "package_size": "750 ml, 14% alc",
          "condition": "18+"
        }
      ],
      "description": null
    },
    {
      "name": "Darbo Džem meruňkový",
      "brand": "Darbo",
      "product_url": "https://wolt.com/cs/cze/prague/venue/albert-vinohradska/darbo-dzem-merunkovy-itemid-657233256818b938df9482c8",
      "image_url": "https://imageproxy.wolt.com/menu/menu-images/64ffec4406cca0140dfab831/01049a44-8eca-11ee-88a1-0aced5f44939_27768327.jpg",
      "categories": [
        "TRVANLIVÉ",
        "MEDY A SL. POMAZÁNKY"
      ],
      "prices": [
        {
          "store_name": "Albert",
          "price": 119.9,
          "original_price": null,
          "unit_price": 266.44,
          "unit": "Kg",
          "package_size": "450 g",
          "condition": null
        }
      ],
      "description": null
    },
    {
      "name": "Lipton Černý čaj Yellow label",
      "brand": "Lipton",
      "product_url": "https://wolt.com/cs/cze/prague/venue/albert-vinohradska/lipton-cerny-caj-yellow-label-itemid-64ca0b7cba162577de489e0f",
      "image_url": "https://imageproxy.wolt.com/menu/menu-images/64ffec4406cca0140dfab831/b8d86498-8eac-11ee-bdf6-7a8430ea266b_20320195.jpg",
      "categories": [
        "NÁPOJE",
        "KÁVA A ČAJ"
      ],
      "prices": [
        {
          "store_name": "Albert",
          "price": 57.9,
          "original_price": null,
          "unit_price": 1158.0,
          "unit": "Kg",
          "package_size": "50 g",
          "condition": null
        }
      ],
      "description": null
    },
    {
      "name": "Sriracha chilli omáčka",
      "brand": "Sriracha",
      "product_url": "https://wolt.com/cs/cze/prague/venue/albert-vinohradska/sriracha-chilli-omacka-itemid-64ca0b7cba162577de489726",
      "image_url": "https://imageproxy.wolt.com/menu/menu-images/63ad795db242366d1f818f36/79ff8bd8-cca1-11ee-b369-3a27b454e801_26988290.jpg",
      "categories": [
        "TRVANLIVÉ",
        "KOŘENÍ A OCHUCOVADLA"
      ],
      "prices": [
        {
          "store_name": "Albert",
          "price": 99.9,
          "original_price": null,
          "unit_price": 232.33,
          "unit": "l",
          "package_size": "430 ml",
          "condition": null
        }
      ],
      "description": null
    },
    {
      "name": "Colgate Plax Cool Mint ústní voda",
      "brand": "Colgate",
      "product_url": "https://wolt.com/cs/cze/prague/venue/albert-vinohradska/colgate-plax-cool-mint-ustni-voda-itemid-64ca0b7cba162577de489e56",
      "image_url": "https://imageproxy.wolt.com/menu/menu-images/63ad795db242366d1f818f36/be0ae3ae-5efa-11ef-9f77-6a820eb2c4d7_24897570.jpg",
      "categories": [
        "DROGERIE A KOSMETIKA",
        "ÚSTNÍ HYGIENA"
      ],
      "prices": [
        {
          "store_name": "Albert",
          "price": 84.9,
          "original_price": null,
          "unit_price": 169.8,
          "unit": "l",
          "package_size": "500 ml",
          "condition": null
        }
      ],
      "description": null
    },
    {
      "name": "Rio Mare Paté tuňákový krém",
      "brand": "Rio Mare",
      "product_url": "https://wolt.com/cs/cze/prague/venue/albert-vinohradska/rio-mare-pate-tunakovy-krem-itemid-657233256818b938df9478e0",
      "image_url": "https://imageproxy.wolt.com/menu/menu-images/64ffec4406cca0140dfab831/62dafd70-8ead-11ee-85e5-3e53a922e9b0_20744533.jpg",
      "categories": [
        "TRVANLIVÉ",
        "KONZERVOVANÉ POTR."
      ],
      "prices": [
        {
          "store_name": "Albert",
          "price": 99.9,
          "original_price": null,
          "unit_price": 999.0,
          "unit": "Kg",
          "package_size": "100 g",
          "condition": "Vyprodáno"
        }
      ],
      "description": null
    },
    {
      "name": "Granini Grep",
      "brand": "Granini",
      "product_url": "https://wolt.com/cs/cze/prague/venue/albert-vinohradska/granini-grep-itemid-657233256818b938df94790b",
      "image_url": "https://imageproxy.wolt.com/menu/menu-images/63ad795db242366d1f818f36/09b9db58-7826-11f0-9e59-16f6584dc184_24889971.jpg",
      "categories": [
        "NÁPOJE",
        "DŽUSY A NEKTARY"
      ],
      "prices": [
        {
          "store_name": "Albert",
          "price": 39.9,
          "original_price": null,
          "unit_price": 39.9,
          "unit": "l",
          "package_size": "1 l",
          "condition": null
        }
      ],
      "description": null
    },
    {
      "name": "Emma Kešu pražené nesolené",
      "brand": "Emma",
      "product_url": "https://wolt.com/cs/cze/prague/venue/albert-vinohradska/emma-kesu-prazene-nesolene-itemid-64ca0b7cba162577de489b6e",
      "image_url": "https://imageproxy.wolt.com/menu/menu-images/63ad795db242366d1f818f36/6958daa0-765b-11ef-9482-0a77b7e24579_24984942.jpg",
      "categories": [
        "OVOCE A ZELENINA",
        "SUCHÉ PLODY"
      ],
      "prices": [
        {
          "store_name": "Albert",
          "price": 65.9,
          "original_price": null,
          "unit_price": 439.33,
          "unit": "Kg",
          "package_size": "150 g",
          "condition": null
        }
      ],
      "description": null
    },
    {
      "name": "Habánské sklepy Ryzlink vlašský",
      "brand": "Habánské sklepy",
      "product_url": "https://wolt.com/cs/cze/prague/venue/albert-vinohradska/habanske-sklepy-ryzlink-vlassky-itemid-64ca0b7cba162577de4887e3",
      "image_url": "https://imageproxy.wolt.com/menu/menu-images/64ffec4406cca0140dfab831/aaf3abe6-8eb4-11ee-bd36-b6ff72c7a500_25380842.jpg",
      "categories": [
        "NÁPOJE",
        "VÍNA"
      ],
      "prices": [
        {
          "store_name": "Albert",
          "price": 119.9,
          "original_price": null,
          "unit_price": 159.87,
          "unit": "l",
          "package_size": "750 ml, 11,5% alc",
          "condition": "18+"
        }
      ],
      "description": null
    },
    {
      "name": "Fine crispy Popcorn slaný",
      "brand": "Fine",
      "product_url": "https://wolt.com/cs/cze/prague/venue/albert-vinohradska/fine-crispy-popcorn-slany-itemid-64ca0b7cba162577de48836b",
      "image_url": "https://imageproxy.wolt.com/menu/menu-images/64ffec4406cca0140dfab831/d8897d26-8eb2-11ee-927e-e6fbf8d3c3b0_24893930.jpg",
      "categories": [
        "TRVANLIVÉ",
        "SLANÉ"
      ],
      "prices": [
        {
          "store_name": "Albert",
          "price": 11.9,
          "original_price": null,
          "unit_price": 119.0,
          "unit": "Kg",
          "package_size": "100 g",
          "condition": null
        }
      ],
      "description": null
    },
    {
      "name": "Tarapacá Pinot Grigio Biodiversity",
      "brand": "Tarapacá",
      "product_url": "https://wolt.com/cs/cze/prague/venue/albert-vinohradska/tarapaca-pinot-grigio-biodiversity-itemid-64ca0b7cba162577de48884d",
      "image_url": "https://imageproxy.wolt.com/menu/menu-images/64ffec4406cca0140dfab831/9542897c-8ec6-11ee-a22f-3a9a41c1cb36_27615515.jpg",
      "categories": [
        "NÁPOJE",
        "VÍNA"
      ],
      "prices": [
        {
          "store_name": "Albert",
          "price": 209.0,
          "original_price": null,
          "unit_price": 278.67,
          "unit": "l",
          "package_size": "750 ml, 13% alc",
          "condition": "18+"
        }
      ],
      "description": null
    },
    {
      "name": "Albert Excellent Tapas Lanýžový salám",
      "brand": "Albert Excellent",
      "product_url": "https://wolt.com/cs/cze/prague/venue/albert-vinohradska/albert-excellent-tapas-lanyzovy-salam-itemid-64ca0b7cba162577de4896e2",
      "image_url": "https://imageproxy.wolt.com/menu/menu-images/63ad795db242366d1f818f36/97c6ec68-8e26-11f0-81fc-a622633b4b9a_27643792.jpg",
      "categories": [
        "UZENINY A LAHŮDKY",
        "TAPAS"
      ],
      "prices": [
        {
          "store_name": "Albert",
          "price": 79.0,
          "original_price": null,
          "unit_price": 1316.67,
          "unit": "Kg",
          "package_size": "60 g",
          "condition": null
        }
      ],
      "description": null
    },
    {
      "name": "Smetanový jogurt jahoda s vanilkou",
      "brand": "Smetanový",
      "product_url": "https://wolt.com/cs/cze/prague/venue/albert-vinohradska/smetanovy-jogurt-jahoda-s-vanilkou-itemid-64ca0b7cba162577de48848d",
      "image_url": "https://imageproxy.wolt.com/menu/menu-images/64ffec4406cca0140dfab831/11872d0a-8eac-11ee-9a96-a64f6127a8cf_20294069.jpg",
      "categories": [
        "MLÉČNÉ A CHLAZENÉ",
        "JOGURTY A DEZERTY"
      ],
      "prices": [
        {
          "store_name": "Albert",
          "price": null,
          "original_price": null,
          "unit_price": 79.33,
          "unit": "Kg",
          "package_size": "150 g",
          "condition": "Sleva"
        }
      ],
      "description": null
    },
    {
      "name": "Albert Excellent Tapas Olivy se sýrem bez pecky",
      "brand": "Albert Excellent",
      "product_url": "https://wolt.com/cs/cze/prague/venue/albert-vinohradska/albert-excellent-tapas-olivy-se-syrem-bez-pecky-itemid-657233256818b938df948bb5",
      "image_url": "https://imageproxy.wolt.com/menu/menu-images/64ffec4406cca0140dfab831/2061c5a4-8ec7-11ee-bb18-52a4ddf1765f_27643648.jpg",
      "categories": [
        "UZENINY A LAHŮDKY",
        "TAPAS"
      ],
      "prices": [
        {
          "store_name": "Albert",
          "price": 89.0,
          "original_price": null,
          "unit_price": 342.31,
          "unit": "Kg",
          "package_size": "260 g",
          "condition": null
        }
      ],
      "description": null
    },
    {
      "name": "Elmex Caries Protection zubní pasta s fluoridem",
      "brand": "Elmex",
      "product_url": "https://wolt.com/cs/cze/prague/venue/albert-vinohradska/elmex-caries-protection-zubni-pasta-s-fluoridem-itemid-64ca0b7cba162577de489290",
      "image_url": "https://imageproxy.wolt.com/menu/menu-images/64ffec4406cca0140dfab831/5f7939b0-8eaf-11ee-8e8a-f6745e48ee46_23293274.jpg",
      "categories": [
        "DROGERIE A KOSMETIKA",
        "ÚSTNÍ HYGIENA"
      ],
      "prices": [
        {
          "store_name": "Albert",
          "price": 99.9,
          "original_price": null,
          "unit_price": 1332.0,
          "unit": "l",
          "package_size": "75 ml",
          "condition": null
        }
      ],
      "description": null
    },
    {
      "name": "Tatra Máslo farmářské 84%",
      "brand": "Tatra",
      "product_url": "https://wolt.com/cs/cze/prague/venue/albert-vinohradska/tatra-maslo-farmarske-84-itemid-64ca0b7cba162577de4890af",
      "image_url": "https://imageproxy.wolt.com/menu/menu-images/64ffec4406cca0140dfab831/e639f468-8eb3-11ee-851d-224a9e8cb6c6_25173901.jpg",
      "categories": [
        "MLÉČNÉ A CHLAZENÉ",
        "MÁSLO A TUKY"
      ],
      "prices": [
        {
          "store_name": "Albert",
          "price": 54.9,
          "original_price": null,
          "unit_price": 274.5,
          "unit": "Kg",
          "package_size": "200 g",
          "condition": null
        }
      ],
      "description": null
    },
    {
      "name": "Perla Bio Aroma mletá káva",
      "brand": "Perla",
      "product_url": "https://wolt.com/cs/cze/prague/venue/albert-vinohradska/perla-bio-aroma-mleta-kava-itemid-64ca0b7cba162577de48a4c5",
      "image_url": "https://imageproxy.wolt.com/menu/menu-images/63ad795db242366d1f818f36/76857322-4e4d-11ef-ae52-062137344515_27577943.jpg",
      "categories": [
        "NÁPOJE",
        "KÁVA A ČAJ"
      ],
      "prices": [
        {
          "store_name": "Albert",
          "price": null,
          "original_price": null,
          "unit_price": 399.6,
          "unit": "Kg",
          "package_size": "250 g",
          "condition": "Sleva"
        }
      ],
      "description": null
    },
    {
      "name": "Sedlčanský Hermelín Figura",
      "brand": "Sedlčanský",
      "product_url": "https://wolt.com/cs/cze/prague/venue/albert-vinohradska/sedlcansky-hermelin-figura-itemid-64ca0b7cba162577de48859d",
      "image_url": "https://imageproxy.wolt.com/menu/menu-images/63ad795db242366d1f818f36/29d3e024-25b4-11f0-a533-8e3ce1de3231_24148887.jpg",
      "categories": [
        "MLÉČNÉ A CHLAZENÉ",
        "SÝRY"
      ],
      "prices": [
        {
          "store_name": "Albert",
          "price": null,
          "original_price": null,
          "unit_price": 329.0,
          "unit": "Kg",
          "package_size": "100 g",
          "condition": "Sleva"
        }
      ],
      "description": null
    },
    {
      "name": "Mlýn Kepka Ječné kroupy střední",
      "brand": "Mlýn",
      "product_url": "https://wolt.com/cs/cze/prague/venue/albert-vinohradska/mlyn-kepka-jecne-kroupy-stredni-itemid-64ca0b7cba162577de48941f",
      "image_url": "https://imageproxy.wolt.com/menu/menu-images/64ffec4406cca0140dfab831/4fdeb632-8ebf-11ee-90b7-362f93bf1d5e_27106969.jpg",
      "categories": [
        "TRVANLIVÉ",
        "RÝŽE A VAŘENÍ"
      ],
      "prices": [
        {
          "store_name": "Albert",
          "price": 13.9,
          "original_price": null,
          "unit_price": 27.8,
          "unit": "Kg",
          "package_size": "500 g",
          "condition": null
        }
      ],
      "description": null
    },
    {
      "name": "Delicata Mléčná čokoláda karamel a pekanové ořechy",
      "brand": "Delicata",
      "product_url": "https://wolt.com/cs/cze/prague/venue/albert-vinohradska/delicata-mlecna-cokolada-karamel-a-pekanove-orechy-itemid-64ca0b7cba162577de4893d5",
      "image_url": "https://imageproxy.wolt.com/menu/menu-images/6745ec28c3b7723db3588430/1ee2c8e4-da6b-11f0-a414-8a6b2da5f388_27706787.jpg",
      "categories": [
        "TRVANLIVÉ",
        "SLADKOSTI"
      ],
      "prices": [
        {
          "store_name": "Albert",
          "price": 79.9,
          "original_price": null,
          "unit_price": 532.67,
          "unit": "Kg",
          "package_size": "150 g",
          "condition": null
        }
      ],
      "description": null
    },
    {
      "name": "Relax džus 100% multivitamín",
      "brand": "Relax",
      "product_url": "https://wolt.com/cs/cze/prague/venue/albert-vinohradska/relax-dzus-100-multivitamin-itemid-64ca0b7cba162577de488379",
      "image_url": "https://imageproxy.wolt.com/menu/menu-images/64ffec4406cca0140dfab831/874c71dc-8eaf-11ee-ab00-361f92ce8d2c_23347267.jpg",
      "categories": [
        "NÁPOJE",
        "DŽUSY A NEKTARY"
      ],
      "prices": [
        {
          "store_name": "Albert",
          "price": 37.9,
          "original_price": null,
          "unit_price": 37.9,
          "unit": "l",
          "package_size": "1 l",
          "condition": null
        }
      ],
      "description": null
    },
    {
      "name": "Kinder Bueno Oplatka s čokoládou a náplní",
      "brand": "Kinder",
      "product_url": "https://wolt.com/cs/cze/prague/venue/albert-vinohradska/kinder-bueno-oplatka-s-cokoladou-a-naplni-itemid-64ca0b7cba162577de488547",
      "image_url": "https://imageproxy.wolt.com/menu/menu-images/64ffec4406cca0140dfab831/b2840bce-8eac-11ee-95ed-a64f6127a8cf_20318918.jpg",
      "categories": [
        "TRVANLIVÉ",
        "SLADKOSTI"
      ],
      "prices": [
        {
          "store_name": "Albert",
          "price": 26.9,
          "original_price": null,
          "unit_price": 625.58,
          "unit": "Kg",
          "package_size": "43 g",
          "condition": null
        }
      ],
      "description": null
    },
    {
      "name": "Ondrášovka Jemně perlivá lesní plody",
      "brand": "Ondrášovka",
      "product_url": "https://wolt.com/cs/cze/prague/venue/albert-vinohradska/ondrasovka-jemne-perliva-lesni-plody-itemid-64ca0b7cba162577de4895c0",
      "image_url": "https://imageproxy.wolt.com/menu/menu-images/64ffec4406cca0140dfab831/e63bccd4-8eb3-11ee-bb63-1ec840397d06_25175561.jpg",
      "categories": [
        "NÁPOJE",
        "VODY A MINERÁLKY"
      ],
      "prices": [
        {
          "store_name": "Albert",
          "price": 19.9,
          "original_price": null,
          "unit_price": 13.27,
          "unit": "l",
          "package_size": "1,5 l",
          "condition": null
        }
      ],
      "description": null
    },
    {
      "name": "Adriana Excellent Špagety",
      "brand": "Adriana",
      "product_url": "https://wolt.com/cs/cze/prague/venue/albert-vinohradska/adriana-excellent-spagety-itemid-64ca0b7cba162577de488073",
      "image_url": "https://imageproxy.wolt.com/menu/menu-images/64ffec4406cca0140dfab831/292e1f5e-8eac-11ee-b807-7a8430ea266b_20296490.jpg",
      "categories": [
        "TRVANLIVÉ",
        "TĚSTOVINY A KUSKUS"
      ],
      "prices": [
        {
          "store_name": "Albert",
          "price": 49.9,
          "original_price": null,
          "unit_price": 99.8,
          "unit": "Kg",
          "package_size": "500 g",
          "condition": null
        }
      ],
      "description": null
    },
    {
      "name": "Královská kuřecí stehna chlazená",
      "brand": "Královská",
      "product_url": "https://wolt.com/cs/cze/prague/venue/albert-vinohradska/kralovska-kureci-stehna-chlazena-itemid-64ca0b7cba162577de488367",
      "image_url": "https://imageproxy.wolt.com/menu/menu-images/64ffec4406cca0140dfab831/053b4062-8ec1-11ee-8769-0eb01a66e252_27207628.jpg",
      "categories": [
        "MASO A RYBY",
        "DRŮBEŽ"
      ],
      "prices": [
        {
          "store_name": "Albert",
          "price": 135.15,
          "original_price": null,
          "unit_price": null,
          "unit": null,
          "package_size": null,
          "condition": null
        }
      ],
      "description": null
    },
    {
      "name": "Vi Huong Instantní nudle bezvaječné těstoviny",
      "brand": "Vi",
      "product_url": "https://wolt.com/cs/cze/prague/venue/albert-vinohradska/vi-huong-instantni-nudle-bezvajecne-testoviny-itemid-64ca0b7cba162577de489704",
      "image_url": "https://imageproxy.wolt.com/menu/menu-images/64ffec4406cca0140dfab831/09c8f27a-8eb0-11ee-a3da-6acfb8ed3f7f_23614994.jpg",
      "categories": [
        "TRVANLIVÉ",
        "RÝŽE A VAŘENÍ"
      ],
      "prices": [
        {
          "store_name": "Albert",
          "price": 55.9,
          "original_price": null,
          "unit_price": 186.33,
          "unit": "Kg",
          "package_size": "300 g",
          "condition": null
        }
      ],
      "description": null
    },
    {
      "name": "Kotányi Majoránka drhnutá",
      "brand": "Kotányi",
      "product_url": "https://wolt.com/cs/cze/prague/venue/albert-vinohradska/kotanyi-majoranka-drhnuta-itemid-64ca0b7cba162577de48907c",
      "image_url": "https://imageproxy.wolt.com/menu/menu-images/64ffec4406cca0140dfab831/18feba0c-8ead-11ee-b17e-1a0ff625fca8_20488604.jpg",
      "categories": [
        "TRVANLIVÉ",
        "KOŘENÍ A OCHUCOVADLA"
      ],
      "prices": [
        {
          "store_name": "Albert",
          "price": null,
          "original_price": null,
          "unit_price": 2316.67,
          "unit": "Kg",
          "package_size": "6 g",
          "condition": "Sleva"
        }
      ],
      "description": null
    },
    {
      "name": "Albert Džusík 100% multivitamín",
      "brand": "Albert",
      "product_url": "https://wolt.com/cs/cze/prague/venue/albert-vinohradska/albert-dzusik-100-multivitamin-itemid-64ca0b7cba162577de489b7a",
      "image_url": "https://imageproxy.wolt.com/menu/menu-images/64ffec4406cca0140dfab831/2d0f1312-8eb6-11ee-b899-aa70cbf91f77_25707229.jpg",
      "categories": [
        "NÁPOJE",
        "DŽUSY A NEKTARY"
      ],
      "prices": [
        {
          "store_name": "Albert",
          "price": 14.9,
          "original_price": null,
          "unit_price": 59.6,
          "unit": "l",
          "package_size": "250 ml",
          "condition": null
        }
      ],
      "description": null
    },
    {
      "name": "Tento Utěrky kosmetické třívrstvé",
      "brand": "Tento",
      "product_url": "https://wolt.com/cs/cze/prague/venue/albert-vinohradska/tento-uterky-kosmeticke-trivrstve-itemid-6601f861c1c7d7bafa1f80a1",
      "image_url": "https://imageproxy.wolt.com/menu/menu-images/6601c613e48d1c8d95333085/6cf9d89e-eae2-11ee-bcb6-c2c0df7d5c88_24032773.jpg",
      "categories": [
        "DOMÁCNOST A ZAHRADA",
        "KUCHYŇSKÉ POTŘEBY"
      ],
      "prices": [
        {
          "store_name": "Albert",
          "price": 42.9,
          "original_price": null,
          "unit_price": 0.74,
          "unit": "ks",
          "package_size": "‪58‬ kusů",
          "condition": null
        }
      ],
      "description": null
    },
    {
      "name": "Olma Florian jogurt s příchutí vanilky",
      "brand": "Olma",
      "product_url": "https://wolt.com/cs/cze/prague/venue/albert-vinohradska/olma-florian-jogurt-s-prichuti-vanilky-itemid-64ca0b7cba162577de489d25",
      "image_url": "https://imageproxy.wolt.com/menu/menu-images/64ffec4406cca0140dfab831/832c44e8-8eb3-11ee-bcb4-c64f1deb8de2_25057188.jpg",
      "categories": [
        "MLÉČNÉ A CHLAZENÉ",
        "JOGURTY A DEZERTY"
      ],
      "prices": [
        {
          "store_name": "Albert",
          "price": 15.9,
          "original_price": null,
          "unit_price": 106.0,
          "unit": "Kg",
          "package_size": "150 g",
          "condition": null
        }
      ],
      "description": null
    },
    {
      "name": "Perla Máslová příchuť",
      "brand": "Perla",
      "product_url": "https://wolt.com/cs/cze/prague/venue/albert-vinohradska/perla-maslova-prichut-itemid-64ca0b7cba162577de488c3b",
      "image_url": "https://imageproxy.wolt.com/menu/menu-images/64ffec4406cca0140dfab831/b8efa3b8-8ec7-11ee-a9e0-52a4ddf1765f_27673669.jpg",
      "categories": [
        "MLÉČNÉ A CHLAZENÉ",
        "MÁSLO A TUKY"
      ],
      "prices": [
        {
          "store_name": "Albert",
          "price": 54.9,
          "original_price": null,
          "unit_price": 122.0,
          "unit": "Kg",
          "package_size": "450 g",
          "condition": null
        }
      ],
      "description": null
    },
    {
      "name": "Albert Mini suchárky",
      "brand": "Albert",
      "product_url": "https://wolt.com/cs/cze/prague/venue/albert-vinohradska/albert-mini-sucharky-itemid-6601eafe97a40a1ed9bd86e1",
      "image_url": "https://imageproxy.wolt.com/menu/menu-images/6601c613e48d1c8d95333085/b48a8a30-eae4-11ee-88c6-66a4d0af098d_27655306.jpg",
      "categories": [
        "PEKÁRNA A CUKRÁRNA",
        "RACIO A KNÄCKEBROT"
      ],
      "prices": [
        {
          "store_name": "Albert",
          "price": 32.9,
          "original_price": null,
          "unit_price": 235.0,
          "unit": "Kg",
          "package_size": "140 g",
          "condition": null
        }
      ],
      "description": null
    },
    {
      "name": "Nature's Promise Bio Hovězí maso na guláš",
      "brand": "Nature's Promise",
      "product_url": "https://wolt.com/cs/cze/prague/venue/albert-vinohradska/nature-s-promise-bio-hovezi-maso-na-gulas-itemid-64ca0b7cba162577de488dfb",
      "image_url": "https://imageproxy.wolt.com/menu/menu-images/63ad795db242366d1f818f36/baf8c384-ed43-11ef-a66f-0e881b6e3ccd_22436344.jpg",
      "categories": [
        "MASO A RYBY",
        "HOVĚZÍ A TELECÍ"
      ],
      "prices": [
        {
          "store_name": "Albert",
          "price": 139.05,
          "original_price": null,
          "unit_price": null,
          "unit": null,
          "package_size": null,
          "condition": null
        }
      ],
      "description": null
    },
    {
      "name": "Elegance Cabernet Sauvignon",
      "brand": "Elegance",
      "product_url": "https://wolt.com/cs/cze/prague/venue/albert-vinohradska/elegance-cabernet-sauvignon-itemid-64ca0b7cba162577de48a2f7",
      "image_url": "https://imageproxy.wolt.com/menu/menu-images/64ffec4406cca0140dfab831/4043ff6e-8eb7-11ee-a156-c6aa6b123400_25922820.jpg",
      "categories": [
        "NÁPOJE",
        "VÍNA"
      ],
      "prices": [
        {
          "store_name": "Albert",
          "price": 99.9,
          "original_price": null,
          "unit_price": 133.2,
          "unit": "l",
          "package_size": "750 ml, 13,5% alc",
          "condition": "18+"
        }
      ],
      "description": null
    },
    {
      "name": "Perla Intenza zrnková káva",
      "brand": "Perla",
      "product_url": "https://wolt.com/cs/cze/prague/venue/albert-vinohradska/perla-intenza-zrnkova-kava-itemid-64ca0b7cba162577de489ad0",
      "image_url": "https://imageproxy.wolt.com/menu/menu-images/63ad795db242366d1f818f36/6962b966-4e4d-11ef-af0c-d626f79cb050_27261538.jpg",
      "categories": [
        "NÁPOJE",
        "KÁVA A ČAJ"
      ],
      "prices": [
        {
          "store_name": "Albert",
          "price": 259.0,
          "original_price": null,
          "unit_price": 518.0,
          "unit": "Kg",
          "package_size": "500 g",
          "condition": null
        }
      ],
      "description": null
    },
    {
      "name": "Nature's Promise Müsli s ořechy",
      "brand": "Nature's Promise",
      "product_url": "https://wolt.com/cs/cze/prague/venue/albert-vinohradska/nature-s-promise-musli-s-orechy-itemid-681b5abffcbd67bf7a8f49f9",
      "image_url": "https://imageproxy.wolt.com/menu/menu-images/63ad795db242366d1f818f36/a619f07c-2b47-11f0-acf0-2e2a102d9ad7_27941270.jpg",
      "categories": [
        "TRVANLIVÉ",
        "SPECIÁLNÍ"
      ],
      "prices": [
        {
          "store_name": "Albert",
          "price": 59.9,
          "original_price": null,
          "unit_price": 239.6,
          "unit": "Kg",
          "package_size": "250 g",
          "condition": null
        }
      ],
      "description": null
    },
    {
      "name": "Nature's Promise Bio Hovězí polotovar",
      "brand": "Nature's Promise",
      "product_url": "https://wolt.com/cs/cze/prague/venue/albert-vinohradska/nature-s-promise-bio-hovezi-polotovar-itemid-64ca0b7cba162577de488d53",
      "image_url": "https://imageproxy.wolt.com/menu/menu-images/63ad795db242366d1f818f36/5e258fc8-9796-11ef-b7e3-3ab397c75ccc_25391947.jpg",
      "categories": [
        "MASO A RYBY",
        "HOVĚZÍ A TELECÍ"
      ],
      "prices": [
        {
          "store_name": "Albert",
          "price": null,
          "original_price": null,
          "unit_price": 182.39,
          "unit": "Kg",
          "package_size": "460 g",
          "condition": "Sleva"
        }
      ],
      "description": null
    },
    {
      "name": "Friskies s kuřetem a zeleninou",
      "brand": "Friskies",
      "product_url": "https://wolt.com/cs/cze/prague/venue/albert-vinohradska/friskies-s-kuretem-a-zeleninou-itemid-64ca0b7cba162577de489cf6",
      "image_url": "https://imageproxy.wolt.com/menu/menu-images/64ffec4406cca0140dfab831/db2bb1e8-8ead-11ee-9d49-1ef82258dff4_21371196.jpg",
      "categories": [
        "ZVÍŘATA",
        "KOČKY"
      ],
      "prices": [
        {
          "store_name": "Albert",
          "price": 219.0,
          "original_price": null,
          "unit_price": 128.82,
          "unit": "Kg",
          "package_size": "1,7 kg",
          "condition": null
        }
      ],
      "description": null
    },
    {
      "name": "Sunar kašička banán, jahoda, ovesné vločky 6m+",
      "brand": "Sunar",
      "product_url": "https://wolt.com/cs/cze/prague/venue/albert-vinohradska/sunar-kasicka-banan-jahoda-ovesne-vlocky-6m-itemid-64ca0b7cba162577de48a032",
      "image_url": "https://imageproxy.wolt.com/menu/menu-images/64ffec4406cca0140dfab831/3a71d608-8eba-11ee-a308-b6077702759d_26586960.jpg",
      "categories": [
        "DÍTĚ",
        "VÝŽIVA"
      ],
      "prices": [
        {
          "store_name": "Albert",
          "price": null,
          "original_price": null,
          "unit_price": 207.5,
          "unit": "Kg",
          "package_size": "120 g",
          "condition": "Sleva"
        }
      ],
      "description": null
    },
    {
      "name": "Viennetta Chocolate",
      "brand": "Viennetta",
      "product_url": "https://wolt.com/cs/cze/prague/venue/albert-vinohradska/viennetta-chocolate-itemid-6876153a0c6218e9f3e5f406",
      "image_url": "https://imageproxy.wolt.com/menu/menu-images/64b62ec5e5ab70cdc92e30f0/e549dff2-616e-11f0-8d3c-b2551ebe6466_20392598.jpg",
      "categories": [
        "MRAŽENÉ POTRAVINY",
        "ZMRZLINA A NANUKY"
      ],
      "prices": [
        {
          "store_name": "Albert",
          "price": 76.9,
          "original_price": null,
          "unit_price": 118.31,
          "unit": "l",
          "package_size": "650 ml",
          "condition": "Vyprodáno"
        }
      ],
      "description": null
    },
    {
      "name": "Alpro Kokosový nápoj s mandlemi",
      "brand": "Alpro",
      "product_url": "https://wolt.com/cs/cze/prague/venue/albert-vinohradska/alpro-kokosovy-napoj-s-mandlemi-itemid-64ca0b7cba162577de488c9d",
      "image_url": "https://imageproxy.wolt.com/menu/menu-images/64ffec4406cca0140dfab831/29327cce-8ebc-11ee-99b9-3a3bddbb56de_26827025.jpg",
      "categories": [
        "MLÉČNÉ A CHLAZENÉ",
        "ROSTLINNÉ PRODUKTY"
      ],
      "prices": [
        {
          "store_name": "Albert",
          "price": 86.9,
          "original_price": null,
          "unit_price": 86.9,
          "unit": "l",
          "package_size": "1 l",
          "condition": "Vyprodáno"
        }
      ],
      "description": null
    },
    {
      "name": "Albert Rukola",
      "brand": "Albert",
      "product_url": "https://wolt.com/cs/cze/prague/venue/albert-vinohradska/albert-rukola-itemid-64ca0b7cba162577de4886a1",
      "image_url": "https://imageproxy.wolt.com/menu/menu-images/64ffec4406cca0140dfab831/79eab876-8ebb-11ee-8d11-8e381a14ed80_26775517.jpg",
      "categories": [
        "OVOCE A ZELENINA",
        "ZELENINA"
      ],
      "prices": [
        {
          "store_name": "Albert",
          "price": 34.9,
          "original_price": null,
          "unit_price": 349.0,
          "unit": "Kg",
          "package_size": "100 g",
          "condition": null
        }
      ],
      "description": null
    },
    {
      "name": "Perla Lungo kapsle",
      "brand": "Perla",
      "product_url": "https://wolt.com/cs/cze/prague/venue/albert-vinohradska/perla-lungo-kapsle-itemid-64ca0b7cba162577de489ad6",
      "image_url": "https://imageproxy.wolt.com/menu/menu-images/64ffec4406cca0140dfab831/a1f06536-8ec1-11ee-a3cb-1601976705be_27257166.jpg",
      "categories": [
        "NÁPOJE",
        "KÁVA A ČAJ"
      ],
      "prices": [
        {
          "store_name": "Albert",
          "price": 109.9,
          "original_price": null,
          "unit_price": 9.16,
          "unit": "ks",
          "package_size": "‪12‬ kusů",
          "condition": null
        }
      ],
      "description": null
    },
    {
      "name": "Bohemilk Opočenský jogurt jahoda",
      "brand": "Bohemilk",
      "product_url": "https://wolt.com/cs/cze/prague/venue/albert-vinohradska/bohemilk-opocensky-jogurt-jahoda-itemid-64ca0b7cba162577de4895e3",
      "image_url": "https://imageproxy.wolt.com/menu/menu-images/64ffec4406cca0140dfab831/8e29bfdc-8eb9-11ee-942b-1e037cde04d4_26453354.jpg",
      "categories": [
        "MLÉČNÉ A CHLAZENÉ",
        "JOGURTY A DEZERTY"
      ],
      "prices": [
        {
          "store_name": "Albert",
          "price": 28.9,
          "original_price": null,
          "unit_price": 192.67,
          "unit": "Kg",
          "package_size": "150 g",
          "condition": null
        }
      ],
      "description": null
    },
    {
      "name": "Nature's Promise Kids Bio Špaldová zvířátka",
      "brand": "Nature's Promise",
      "product_url": "https://wolt.com/cs/cze/prague/venue/albert-vinohradska/nature-s-promise-kids-bio-spaldova-zviratka-itemid-64ca0b7cba162577de4894d2",
      "image_url": "https://imageproxy.wolt.com/menu/menu-images/64ffec4406cca0140dfab831/26a7cb3a-8ec6-11ee-8a26-66f80a096b2a_27600047.jpg",
      "categories": [
        "DÍTĚ",
        "VÝŽIVA"
      ],
      "prices": [
        {
          "store_name": "Albert",
          "price": null,
          "original_price": null,
          "unit_price": 299.0,
          "unit": "Kg",
          "package_size": "100 g",
          "condition": "Sleva"
        }
      ],
      "description": null
    },
    {
      "name": "Kefírové mléko nízkotučné",
      "brand": null,
      "product_url": "https://wolt.com/cs/cze/prague/venue/albert-vinohradska/kefirove-mleko-nizkotucne-itemid-64ca0b7cba162577de4881af",
      "image_url": "https://imageproxy.wolt.com/menu/menu-images/64ffec4406cca0140dfab831/d84f3a1c-8ead-11ee-b879-1240326ac0c2_21369063.jpg",
      "categories": [
        "MLÉČNÉ A CHLAZENÉ",
        "MLÉČNÉ NÁPOJE"
      ],
      "prices": [
        {
          "store_name": "Albert",
          "price": 25.9,
          "original_price": null,
          "unit_price": 51.8,
          "unit": "Kg",
          "package_size": "500 g",
          "condition": null
        }
      ],
      "description": null
    },
    {
      "name": "Vitana Paprika sladká",
      "brand": "Vitana",
      "product_url": "https://wolt.com/cs/cze/prague/venue/albert-vinohradska/vitana-paprika-sladka-itemid-64ca0b7cba162577de4890eb",
      "image_url": "https://imageproxy.wolt.com/menu/menu-images/64ffec4406cca0140dfab831/d077cc3e-8eba-11ee-9c26-06c7de8dd7bf_26685090.jpg",
      "categories": [
        "TRVANLIVÉ",
        "KOŘENÍ A OCHUCOVADLA"
      ],
      "prices": [
        {
          "store_name": "Albert",
          "price": 19.9,
          "original_price": null,
          "unit_price": 865.22,
          "unit": "Kg",
          "package_size": "23 g",
          "condition": null
        }
      ],
      "description": null
    },
    {
      "name": "Red Bull Sea Blue",
      "brand": "Red",
      "product_url": "https://wolt.com/cs/cze/prague/venue/albert-vinohradska/red-bull-sea-blue-itemid-681b5abffcbd67bf7a8f4af2",
      "image_url": "https://imageproxy.wolt.com/menu/menu-images/63ad795db242366d1f818f36/48f94348-2b47-11f0-a62a-4a6ee2e345e0_27737132.jpg",
      "categories": [
        "NÁPOJE",
        "ENERGY NÁPOJE"
      ],
      "prices": [
        {
          "store_name": "Albert",
          "price": 32.9,
          "original_price": null,
          "unit_price": 131.6,
          "unit": "l",
          "package_size": "250 ml",
          "condition": null
        }
      ],
      "description": null
    },
    {
      "name": "Zott Monte Snack",
      "brand": "Zott",
      "product_url": "https://wolt.com/cs/cze/prague/venue/albert-vinohradska/zott-monte-snack-itemid-64ca0b7cba162577de4885a5",
      "image_url": "https://imageproxy.wolt.com/menu/menu-images/64ffec4406cca0140dfab831/23f11310-8eb7-11ee-b9e7-0208801a60c2_25891225.jpg",
      "categories": [
        "MLÉČNÉ A CHLAZENÉ",
        "JOGURTY A DEZERTY"
      ],
      "prices": [
        {
          "store_name": "Albert",
          "price": 14.9,
          "original_price": null,
          "unit_price": 513.79,
          "unit": "Kg",
          "package_size": "29 g",
          "condition": null
        }
      ],
      "description": null
    },
    {
      "name": "Hanácká vodka 37,5%",
      "brand": "Hanácká",
      "product_url": "https://wolt.com/cs/cze/prague/venue/albert-vinohradska/hanacka-vodka-37-5-itemid-64ca0b7cba162577de489bfc",
      "image_url": "https://imageproxy.wolt.com/menu/menu-images/64ffec4406cca0140dfab831/5ca7d07a-8eb4-11ee-a81c-1e9e4c6f0bda_25300048.jpg",
      "categories": [
        "NÁPOJE",
        "LIHOVINY"
      ],
      "prices": [
        {
          "store_name": "Albert",
          "price": 119.9,
          "original_price": null,
          "unit_price": 239.8,
          "unit": "l",
          "package_size": "500 ml, 37,5% alc",
          "condition": "18+"
        }
      ],
      "description": null
    },
    {
      "name": "Milka čokoláda Hazelnut créme mléčná",
      "brand": "Milka",
      "product_url": "https://wolt.com/cs/cze/prague/venue/albert-vinohradska/milka-cokolada-hazelnut-creme-mlecna-itemid-66021bc2af091defeca08005",
      "image_url": "https://imageproxy.wolt.com/menu/menu-images/6601c613e48d1c8d95333085/9b55a030-eae5-11ee-9597-fe58ce42b7d5_27850695.jpg",
      "categories": [
        "TRVANLIVÉ",
        "SLADKOSTI"
      ],
      "prices": [
        {
          "store_name": "Albert",
          "price": null,
          "original_price": null,
          "unit_price": 351.76,
          "unit": "Kg",
          "package_size": "85 g",
          "condition": "Sleva"
        }
      ],
      "description": null
    },
    {
      "name": "Ahmad Tea English Breakfast Černý čaj",
      "brand": "Ahmad",
      "product_url": "https://wolt.com/cs/cze/prague/venue/albert-vinohradska/ahmad-tea-english-breakfast-cerny-caj-itemid-64ca0b7cba162577de489d4b",
      "image_url": "https://imageproxy.wolt.com/menu/menu-images/64ffec4406cca0140dfab831/14a5c222-8eb0-11ee-9053-2e13ed999a8b_23629844.jpg",
      "categories": [
        "NÁPOJE",
        "KÁVA A ČAJ"
      ],
      "prices": [
        {
          "store_name": "Albert",
          "price": 126.5,
          "original_price": null,
          "unit_price": 1265.0,
          "unit": "Kg",
          "package_size": "100 g",
          "condition": null
        }
      ],
      "description": null
    },
    {
      "name": "Biolinie Instantní Bio špaldové kafe s cikorkou",
      "brand": "Biolinie",
      "product_url": "https://wolt.com/cs/cze/prague/venue/albert-vinohradska/biolinie-instantni-bio-spaldove-kafe-s-cikorkou-itemid-64ca0b7cba162577de48977f",
      "image_url": "https://imageproxy.wolt.com/menu/menu-images/64ffec4406cca0140dfab831/af26fc52-8eb1-11ee-a346-3a1814765055_24488075.jpg",
      "categories": [
        "NÁPOJE",
        "KÁVA A ČAJ"
      ],
      "prices": [
        {
          "store_name": "Albert",
          "price": 89.9,
          "original_price": null,
          "unit_price": 899.0,
          "unit": "Kg",
          "package_size": "100 g",
          "condition": null
        }
      ],
      "description": null
    },
    {
      "name": "Ehrmann High Protein Pudding (mix příchutí)",
      "brand": "Ehrmann",
      "product_url": "https://wolt.com/cs/cze/prague/venue/albert-vinohradska/ehrmann-high-protein-pudding-mix-prichuti-itemid-657233256818b938df948be8",
      "image_url": "https://imageproxy.wolt.com/menu/menu-images/64ffec4406cca0140dfab831/370e4fdc-8ec9-11ee-ba94-b649ab0f849e_27741627.jpg",
      "categories": [
        "MLÉČNÉ A CHLAZENÉ",
        "JOGURTY A DEZERTY"
      ],
      "prices": [
        {
          "store_name": "Albert",
          "price": 53.9,
          "original_price": null,
          "unit_price": 269.5,
          "unit": "Kg",
          "package_size": "200 g",
          "condition": null
        }
      ],
      "description": null
    },
    {
      "name": "Artesie Sirup malina",
      "brand": "Artesie",
      "product_url": "https://wolt.com/cs/cze/prague/venue/albert-vinohradska/artesie-sirup-malina-itemid-64ca0b7cba162577de4886ab",
      "image_url": "https://imageproxy.wolt.com/menu/menu-images/64ffec4406cca0140dfab831/7c5c1fd6-8ec1-11ee-bd75-f29ca2c99672_27249598.jpg",
      "categories": [
        "NÁPOJE",
        "SIRUPY A KONCENTRÁTY"
      ],
      "prices": [
        {
          "store_name": "Albert",
          "price": 26.9,
          "original_price": null,
          "unit_price": 38.43,
          "unit": "l",
          "package_size": "700 ml",
          "condition": null
        }
      ],
      "description": null
    },
    {
      "name": "Gustona Hořčice plnotučná",
      "brand": "Gustona",
      "product_url": "https://wolt.com/cs/cze/prague/venue/albert-vinohradska/gustona-horcice-plnotucna-itemid-64ca0b7cba162577de4880af",
      "image_url": "https://imageproxy.wolt.com/menu/menu-images/64ffec4406cca0140dfab831/951db024-8ec2-11ee-8126-0aca939bb6cd_27313053.jpg",
      "categories": [
        "TRVANLIVÉ",
        "KEČUPY A HOŘČICE"
      ],
      "prices": [
        {
          "store_name": "Albert",
          "price": 14.9,
          "original_price": null,
          "unit_price": 37.25,
          "unit": "Kg",
          "package_size": "400 g",
          "condition": null
        }
      ],
      "description": null
    },
    {
      "name": "Ponnath Minipárečky vídeňské se sýrem",
      "brand": "Ponnath",
      "product_url": "https://wolt.com/cs/cze/prague/venue/albert-vinohradska/ponnath-miniparecky-videnske-se-syrem-itemid-64ca0b7cba162577de4886f1",
      "image_url": "https://imageproxy.wolt.com/menu/menu-images/63ad795db242366d1f818f36/14644584-7826-11f0-b963-ba80eada4c41_25336061.jpg",
      "categories": [
        "UZENINY A LAHŮDKY",
        "PÁRKY A KLOBÁSY"
      ],
      "prices": [
        {
          "store_name": "Albert",
          "price": 77.9,
          "original_price": null,
          "unit_price": 389.5,
          "unit": "Kg",
          "package_size": "200 g",
          "condition": null
        }
      ],
      "description": null
    },
    {
      "name": "Lay's Maxx sýr a cibulka",
      "brand": "Lay's",
      "product_url": "https://wolt.com/cs/cze/prague/venue/albert-vinohradska/lay-s-maxx-syr-a-cibulka-itemid-64ca0b7cba162577de48a70a",
      "image_url": "https://imageproxy.wolt.com/menu/menu-images/63ad795db242366d1f818f36/536b30f6-d671-11ee-8cfb-7ed7aa2f5f5d_27774984.jpg",
      "categories": [
        "TRVANLIVÉ",
        "SLANÉ"
      ],
      "prices": [
        {
          "store_name": "Albert",
          "price": 39.9,
          "original_price": null,
          "unit_price": 332.5,
          "unit": "Kg",
          "package_size": "120 g",
          "condition": null
        }
      ],
      "description": null
    },
    {
      "name": "Řepa červená",
      "brand": "Řepa",
      "product_url": "https://wolt.com/cs/cze/prague/venue/albert-vinohradska/repa-cervena-itemid-68b4ae1865a45c5592f9b974",
      "image_url": "https://imageproxy.wolt.com/menu/menu-images/6666a3a295b96e9eba377ef3/dc96bcd4-04c3-11f0-bc7c-66f9be326fbc_20444198.jpg",
      "categories": [
        "OVOCE A ZELENINA",
        "ZELENINA"
      ],
      "prices": [
        {
          "store_name": "Albert",
          "price": 4.38,
          "original_price": null,
          "unit_price": null,
          "unit": null,
          "package_size": "~220 g",
          "condition": null
        }
      ],
      "description": null
    },
    {
      "name": "Magnum Utopia Double Hazelnut",
      "brand": "Magnum",
      "product_url": "https://wolt.com/cs/cze/prague/venue/albert-vinohradska/magnum-utopia-double-hazelnut-itemid-69309ace56094a48f214fd4d",
      "image_url": "https://imageproxy.wolt.com/menu/menu-images/64b62ec5e5ab70cdc92e30f0/3461c924-616f-11f0-a087-62654d55b531_27969076.jpg",
      "categories": [
        "MRAŽENÉ POTRAVINY",
        "ZMRZLINA A NANUKY"
      ],
      "prices": [
        {
          "store_name": "Albert",
          "price": 109.9,
          "original_price": null,
          "unit_price": 249.77,
          "unit": "l",
          "package_size": "440 ml",
          "condition": "Vyprodáno"
        }
      ],
      "description": null
    },
    {
      "name": "Jemča Bylinný čaj heřmánek",
      "brand": "Jemča",
      "product_url": "https://wolt.com/cs/cze/prague/venue/albert-vinohradska/jemca-bylinny-caj-hermanek-itemid-64ca0b7cba162577de48917d",
      "image_url": "https://imageproxy.wolt.com/menu/menu-images/63ad795db242366d1f818f36/f3eb6d24-a8e9-11f0-8ab8-8296420af745_22411044.jpg",
      "categories": [
        "NÁPOJE",
        "KÁVA A ČAJ"
      ],
      "prices": [
        {
          "store_name": "Albert",
          "price": 24.9,
          "original_price": null,
          "unit_price": 1037.5,
          "unit": "Kg",
          "package_size": "24 g",
          "condition": null
        }
      ],
      "description": null
    },
    {
      "name": "Big Shock! Berries energetický nápoj",
      "brand": "Big",
      "product_url": "https://wolt.com/cs/cze/prague/venue/albert-vinohradska/big-shock-berries-energeticky-napoj-itemid-657233256818b938df947c4d",
      "image_url": "https://imageproxy.wolt.com/menu/menu-images/63ad795db242366d1f818f36/a6f4a1aa-aef6-11ee-809d-6e1dc85717c0_26728254.jpg",
      "categories": [
        "NÁPOJE",
        "ENERGY NÁPOJE"
      ],
      "prices": [
        {
          "store_name": "Albert",
          "price": 41.9,
          "original_price": null,
          "unit_price": 83.8,
          "unit": "l",
          "package_size": "500 ml",
          "condition": null
        }
      ],
      "description": null
    },
    {
      "name": "Lay's Stix s příchutí kečupu",
      "brand": "Lay's",
      "product_url": "https://wolt.com/cs/cze/prague/venue/albert-vinohradska/lay-s-stix-s-prichuti-kecupu-itemid-657233256818b938df9483f7",
      "image_url": "https://imageproxy.wolt.com/menu/menu-images/64ffec4406cca0140dfab831/588a89d6-8eca-11ee-b150-ce68e196a335_27775165.jpg",
      "categories": [
        "TRVANLIVÉ",
        "SLANÉ"
      ],
      "prices": [
        {
          "store_name": "Albert",
          "price": 34.9,
          "original_price": null,
          "unit_price": 581.67,
          "unit": "Kg",
          "package_size": "60 g",
          "condition": null
        }
      ],
      "description": null
    },
    {
      "name": "Château Croix de Mission Montag.Saint-Emillion DOC",
      "brand": "Château",
      "product_url": "https://wolt.com/cs/cze/prague/venue/albert-vinohradska/chateau-croix-de-mission-montag-saint-emillion-doc-itemid-64ca0b7cba162577de48a457",
      "image_url": "https://imageproxy.wolt.com/menu/menu-images/64ffec4406cca0140dfab831/d08820c4-8ec0-11ee-8419-ce752cd7e428_27198223.jpg",
      "categories": [
        "NÁPOJE",
        "VÍNA"
      ],
      "prices": [
        {
          "store_name": "Albert",
          "price": 336.0,
          "original_price": null,
          "unit_price": 448.0,
          "unit": "l",
          "package_size": "750 ml, 13% alc",
          "condition": "18+"
        }
      ],
      "description": null
    },
    {
      "name": "Dr. Oetker Kakao holandské",
      "brand": "Dr. Oetker",
      "product_url": "https://wolt.com/cs/cze/prague/venue/albert-vinohradska/dr-oetker-kakao-holandske-itemid-64ca0b7cba162577de48850d",
      "image_url": "https://imageproxy.wolt.com/menu/menu-images/63ad795db242366d1f818f36/2106e4be-a8ea-11f0-b073-d654e18a7854_27027134.jpg",
      "categories": [
        "TRVANLIVÉ",
        "PEČENÍ A VAŘENÍ"
      ],
      "prices": [
        {
          "store_name": "Albert",
          "price": 69.9,
          "original_price": null,
          "unit_price": 699.0,
          "unit": "Kg",
          "package_size": "100 g",
          "condition": "Vyprodáno"
        }
      ],
      "description": null
    },
    {
      "name": "Milko Řecký jogurt 0 % tuku, karamel",
      "brand": "Milko",
      "product_url": "https://wolt.com/cs/cze/prague/venue/albert-vinohradska/milko-recky-jogurt-0-tuku-karamel-itemid-64ca0b7cba162577de4891c4",
      "image_url": "https://imageproxy.wolt.com/menu/menu-images/64ffec4406cca0140dfab831/7231f832-8ec1-11ee-99fe-a2846f3734b2_27248799.jpg",
      "categories": [
        "MLÉČNÉ A CHLAZENÉ",
        "JOGURTY A DEZERTY"
      ],
      "prices": [
        {
          "store_name": "Albert",
          "price": 21.9,
          "original_price": null,
          "unit_price": 156.43,
          "unit": "Kg",
          "package_size": "140 g",
          "condition": null
        }
      ],
      "description": null
    },
    {
      "name": "Mlékárna Kunín Zakysaná smetana 15%",
      "brand": "Mlékárna Kunín",
      "product_url": "https://wolt.com/cs/cze/prague/venue/albert-vinohradska/mlekarna-kunin-zakysana-smetana-15-itemid-657233256818b938df9485a1",
      "image_url": "https://imageproxy.wolt.com/menu/menu-images/64ffec4406cca0140dfab831/6b946492-8eb2-11ee-93c0-0208801a60c2_24740302.jpg",
      "categories": [
        "MLÉČNÉ A CHLAZENÉ",
        "SMETANY A ŠLEHAČKY"
      ],
      "prices": [
        {
          "store_name": "Albert",
          "price": 51.9,
          "original_price": null,
          "unit_price": 138.4,
          "unit": "Kg",
          "package_size": "375 g",
          "condition": null
        }
      ],
      "description": null
    },
    {
      "name": "Spontex Colors Houbičky na nádobí",
      "brand": "Spontex",
      "product_url": "https://wolt.com/cs/cze/prague/venue/albert-vinohradska/spontex-colors-houbicky-na-nadobi-itemid-64ca0b7cba162577de488fda",
      "image_url": "https://imageproxy.wolt.com/menu/menu-images/63ad795db242366d1f818f36/0824bda8-7826-11f0-af3f-b2a0dd4bf7db_24334211.jpg",
      "categories": [
        "DOMÁCNOST A ZAHRADA",
        "ÚKLIDOVÉ POTŘEBY"
      ],
      "prices": [
        {
          "store_name": "Albert",
          "price": null,
          "original_price": null,
          "unit_price": 2.33,
          "unit": "ks",
          "package_size": "‪12‬ kusů",
          "condition": "Sleva"
        }
      ],
      "description": null
    },
    {
      "name": "Spokar zubní kartáček Medium",
      "brand": "Spokar",
      "product_url": "https://wolt.com/cs/cze/prague/venue/albert-vinohradska/spokar-zubni-kartacek-medium-itemid-64ca0b7cba162577de489be5",
      "image_url": "https://imageproxy.wolt.com/menu/menu-images/63ad795db242366d1f818f36/22a1dbca-7826-11f0-ac66-cec1aa6de4c5_25658309.jpg",
      "categories": [
        "DROGERIE A KOSMETIKA",
        "ÚSTNÍ HYGIENA"
      ],
      "prices": [
        {
          "store_name": "Albert",
          "price": 59.9,
          "original_price": null,
          "unit_price": 59.9,
          "unit": "ks",
          "package_size": "‪1‬ kus",
          "condition": null
        }
      ],
      "description": null
    },
    {
      "name": "Dr. Oetker Čokoládové kousky",
      "brand": "Dr. Oetker",
      "product_url": "https://wolt.com/cs/cze/prague/venue/albert-vinohradska/dr-oetker-cokoladove-kousky-itemid-660230e2d3a9d5c133025061",
      "image_url": "https://imageproxy.wolt.com/menu/menu-images/63ad795db242366d1f818f36/7e8b6aa8-97c2-11f0-a332-dab2aa744960_27734636.jpg",
      "categories": [
        "TRVANLIVÉ",
        "PEČENÍ A VAŘENÍ"
      ],
      "prices": [
        {
          "store_name": "Albert",
          "price": 43.9,
          "original_price": null,
          "unit_price": 627.14,
          "unit": "Kg",
          "package_size": "70 g",
          "condition": null
        }
      ],
      "description": null
    },
    {
      "name": "Los Molinos Tempranillo",
      "brand": "Los",
      "product_url": "https://wolt.com/cs/cze/prague/venue/albert-vinohradska/los-molinos-tempranillo-itemid-657233256818b938df947f04",
      "image_url": "https://imageproxy.wolt.com/menu/menu-images/64ffec4406cca0140dfab831/e7ba3f8e-8eac-11ee-8f21-06dbe2f769e5_20427306.jpg",
      "categories": [
        "NÁPOJE",
        "VÍNA"
      ],
      "prices": [
        {
          "store_name": "Albert",
          "price": 74.9,
          "original_price": null,
          "unit_price": 99.87,
          "unit": "l",
          "package_size": "750 ml, 12,5% alc",
          "condition": "18+"
        }
      ],
      "description": null
    },
    {
      "name": "Orion Čokoláda bílá",
      "brand": "Orion",
      "product_url": "https://wolt.com/cs/cze/prague/venue/albert-vinohradska/orion-cokolada-bila-itemid-64ca0b7cba162577de489d29",
      "image_url": "https://imageproxy.wolt.com/menu/menu-images/63ad795db242366d1f818f36/ad56db8a-ed43-11ef-8e0b-7a1bb9aa2033_20318963.jpg",
      "categories": [
        "TRVANLIVÉ",
        "SLADKOSTI"
      ],
      "prices": [
        {
          "store_name": "Albert",
          "price": 39.9,
          "original_price": null,
          "unit_price": 469.41,
          "unit": "Kg",
          "package_size": "85 g",
          "condition": null
        }
      ],
      "description": null
    },
    {
      "name": "Albert Excellent Tapas Bio gouda uleželá",
      "brand": "Albert Excellent",
      "product_url": "https://wolt.com/cs/cze/prague/venue/albert-vinohradska/albert-excellent-tapas-bio-gouda-ulezela-itemid-660224ab2090bcfb89668b01",
      "image_url": "https://imageproxy.wolt.com/menu/menu-images/6745ec28c3b7723db3588430/61fa16cc-eb01-11f0-b3b2-d2ef03531271_27597002.jpg",
      "categories": [
        "UZENINY A LAHŮDKY",
        "TAPAS"
      ],
      "prices": [
        {
          "store_name": "Albert",
          "price": 89.0,
          "original_price": null,
          "unit_price": 741.67,
          "unit": "Kg",
          "package_size": "120 g",
          "condition": null
        }
      ],
      "description": null
    },
    {
      "name": "Dr. Oetker Gustin jemný kukuřičný škrob",
      "brand": "Dr. Oetker",
      "product_url": "https://wolt.com/cs/cze/prague/venue/albert-vinohradska/dr-oetker-gustin-jemny-kukuricny-skrob-itemid-6601eb0397a40a1ed9bd86e6",
      "image_url": "https://imageproxy.wolt.com/menu/menu-images/63ad795db242366d1f818f36/16bb57d8-a8ea-11f0-b7bd-e20c8df7e6f2_26751474.jpg",
      "categories": [
        "TRVANLIVÉ",
        "PEČENÍ A VAŘENÍ"
      ],
      "prices": [
        {
          "store_name": "Albert",
          "price": 39.9,
          "original_price": null,
          "unit_price": 199.5,
          "unit": "Kg",
          "package_size": "200 g",
          "condition": null
        }
      ],
      "description": null
    },
    {
      "name": "Seville Premium Černé olivy bez nálevu",
      "brand": "Seville",
      "product_url": "https://wolt.com/cs/cze/prague/venue/albert-vinohradska/seville-premium-cerne-olivy-bez-nalevu-itemid-64ca0b7cba162577de48a21f",
      "image_url": "https://imageproxy.wolt.com/menu/menu-images/64ffec4406cca0140dfab831/6585881a-8eb7-11ee-a16d-e6fbf8d3c3b0_25929898.jpg",
      "categories": [
        "TRVANLIVÉ",
        "KONZERVOVANÉ POTR."
      ],
      "prices": [
        {
          "store_name": "Albert",
          "price": 42.9,
          "original_price": null,
          "unit_price": 572.0,
          "unit": "Kg",
          "package_size": "75 g",
          "condition": null
        }
      ],
      "description": null
    },
    {
      "name": "Ahmad Tea Earl Grey černý čaj",
      "brand": "Ahmad",
      "product_url": "https://wolt.com/cs/cze/prague/venue/albert-vinohradska/ahmad-tea-earl-grey-cerny-caj-itemid-651c870d9be1d1afd8dc1442",
      "image_url": "https://imageproxy.wolt.com/menu/menu-images/64ffec4406cca0140dfab831/f26267e6-8eb0-11ee-b240-76d18bdc0849_24145695.jpg",
      "categories": [
        "NÁPOJE",
        "KÁVA A ČAJ"
      ],
      "prices": [
        {
          "store_name": "Albert",
          "price": 69.9,
          "original_price": null,
          "unit_price": 1398.0,
          "unit": "Kg",
          "package_size": "50 g",
          "condition": null
        }
      ],
      "description": null
    },
    {
      "name": "Birell Active Pomelo a grep s kofeinem",
      "brand": "Birell",
      "product_url": "https://wolt.com/cs/cze/prague/venue/albert-vinohradska/birell-active-pomelo-a-grep-s-kofeinem-itemid-6601e3b0dedd6bdd94f64df3",
      "image_url": "https://imageproxy.wolt.com/menu/menu-images/63ad795db242366d1f818f36/427b4482-26ff-11ef-a679-5e647330e8dc_27852088.jpg",
      "categories": [
        "NÁPOJE",
        "PIVA"
      ],
      "prices": [
        {
          "store_name": "Albert",
          "price": 24.9,
          "original_price": null,
          "unit_price": 49.8,
          "unit": "l",
          "package_size": "500 ml, 0,4% alc",
          "condition": null
        }
      ],
      "description": null
    },
    {
      "name": "Babycute Dětské pleny Junior velikost 5",
      "brand": "Babycute",
      "product_url": "https://wolt.com/cs/cze/prague/venue/albert-vinohradska/babycute-detske-pleny-junior-velikost-5-itemid-64ca0b7cba162577de4891aa",
      "image_url": "https://imageproxy.wolt.com/menu/menu-images/64ffec4406cca0140dfab831/c2c1468c-8eb6-11ee-9025-224a9e8cb6c6_25829457.jpg",
      "categories": [
        "DÍTĚ",
        "PLENY A PODLOŽKY"
      ],
      "prices": [
        {
          "store_name": "Albert",
          "price": 169.0,
          "original_price": null,
          "unit_price": 4.02,
          "unit": "ks",
          "package_size": "‪42‬ kusů",
          "condition": null
        }
      ],
      "description": null
    },
    {
      "name": "Madeta Jihočeské pomazánkové šunka",
      "brand": "Madeta",
      "product_url": "https://wolt.com/cs/cze/prague/venue/albert-vinohradska/madeta-jihoceske-pomazankove-sunka-itemid-657233256818b938df947ab0",
      "image_url": "https://imageproxy.wolt.com/menu/menu-images/63ad795db242366d1f818f36/03c11c02-7826-11f0-b810-fe340938dce3_24117876.jpg",
      "categories": [
        "MLÉČNÉ A CHLAZENÉ",
        "MÁSLO A TUKY"
      ],
      "prices": [
        {
          "store_name": "Albert",
          "price": null,
          "original_price": null,
          "unit_price": 199.33,
          "unit": "Kg",
          "package_size": "150 g",
          "condition": "Sleva"
        }
      ],
      "description": null
    },
    {
      "name": "Fanta Pomeranč",
      "brand": "Fanta",
      "product_url": "https://wolt.com/cs/cze/prague/venue/albert-vinohradska/fanta-pomeranc-itemid-64ca0b7cba162577de48931f",
      "image_url": "https://imageproxy.wolt.com/menu/menu-images/6745ec28c3b7723db3588430/126f77f6-da6b-11f0-bee6-8ec5d4ec9fba_25241044.jpg",
      "categories": [
        "NÁPOJE",
        "LIMONÁDY"
      ],
      "prices": [
        {
          "store_name": "Albert",
          "price": 29.9,
          "original_price": null,
          "unit_price": 19.93,
          "unit": "l",
          "package_size": "1,5 l",
          "condition": null
        }
      ],
      "description": null
    },
    {
      "name": "Milka Biscuit Sandwich celomáčené s náplní",
      "brand": "Milka",
      "product_url": "https://wolt.com/cs/cze/prague/venue/albert-vinohradska/milka-biscuit-sandwich-celomacene-s-naplni-itemid-64ca0b7cba162577de48a080",
      "image_url": "https://imageproxy.wolt.com/menu/menu-images/63ad795db242366d1f818f36/3091515a-9796-11ef-92a3-a6d199c41188_26586038.jpg",
      "categories": [
        "TRVANLIVÉ",
        "SLADKOSTI"
      ],
      "prices": [
        {
          "store_name": "Albert",
          "price": 62.9,
          "original_price": null,
          "unit_price": 419.33,
          "unit": "Kg",
          "package_size": "150 g",
          "condition": null
        }
      ],
      "description": null
    },
    {
      "name": "Horal Bock polotmavé svrchně kvašené",
      "brand": "Horal",
      "product_url": "https://wolt.com/cs/cze/prague/venue/albert-vinohradska/horal-bock-polotmave-svrchne-kvasene-itemid-657233256818b938df948aeb",
      "image_url": "https://imageproxy.wolt.com/menu/menu-images/64ffec4406cca0140dfab831/0b77e5f0-8ec3-11ee-9ad9-6e71a63f1558_27348222.jpg",
      "categories": [
        "NÁPOJE",
        "PIVA"
      ],
      "prices": [
        {
          "store_name": "Albert",
          "price": 99.9,
          "original_price": null,
          "unit_price": 99.9,
          "unit": "l",
          "package_size": "1 l, 7,2% alc",
          "condition": "18+"
        }
      ],
      "description": null
    },
    {
      "name": "Olma Zlatá Haná máslová příchuť",
      "brand": "Olma",
      "product_url": "https://wolt.com/cs/cze/prague/venue/albert-vinohradska/olma-zlata-hana-maslova-prichut-itemid-64ca0b7cba162577de48954a",
      "image_url": "https://imageproxy.wolt.com/menu/menu-images/64ffec4406cca0140dfab831/3a3a9f1c-8ec4-11ee-9cc6-66f80a096b2a_27454589.jpg",
      "categories": [
        "MLÉČNÉ A CHLAZENÉ",
        "MÁSLO A TUKY"
      ],
      "prices": [
        {
          "store_name": "Albert",
          "price": 48.9,
          "original_price": null,
          "unit_price": 195.6,
          "unit": "Kg",
          "package_size": "250 g",
          "condition": null
        }
      ],
      "description": null
    },
    {
      "name": "Česká chuť Šunka dušená výběrová",
      "brand": "Česká chuť",
      "product_url": "https://wolt.com/cs/cze/prague/venue/albert-vinohradska/ceska-chut-sunka-dusena-vyberova-itemid-64ca0b7cba162577de4882c5",
      "image_url": "https://imageproxy.wolt.com/menu/menu-images/64ffec4406cca0140dfab831/b2902eb2-8ebc-11ee-8af1-be2d1bdd5ebf_26863085.jpg",
      "categories": [
        "UZENINY A LAHŮDKY",
        "ŠUNKY A SLANINY"
      ],
      "prices": [
        {
          "store_name": "Albert",
          "price": 31.9,
          "original_price": null,
          "unit_price": 319.0,
          "unit": "Kg",
          "package_size": "100 g",
          "condition": null
        }
      ],
      "description": null
    },
    {
      "name": "Vitana Pomerančová kůra",
      "brand": "Vitana",
      "product_url": "https://wolt.com/cs/cze/prague/venue/albert-vinohradska/vitana-pomerancova-kura-itemid-64ca0b7cba162577de489543",
      "image_url": "https://imageproxy.wolt.com/menu/menu-images/64ffec4406cca0140dfab831/c06ad2f4-8ebb-11ee-807b-fe8631c3d5e9_26799223.jpg",
      "categories": [
        "TRVANLIVÉ",
        "KOŘENÍ A OCHUCOVADLA"
      ],
      "prices": [
        {
          "store_name": "Albert",
          "price": 19.9,
          "original_price": null,
          "unit_price": 1530.77,
          "unit": "Kg",
          "package_size": "13 g",
          "condition": null
        }
      ],
      "description": null
    },
    {
      "name": "Olma Pierot Smetanový jogurt borůvka",
      "brand": "Olma",
      "product_url": "https://wolt.com/cs/cze/prague/venue/albert-vinohradska/olma-pierot-smetanovy-jogurt-boruvka-itemid-64ca0b7cba162577de48922a",
      "image_url": "https://imageproxy.wolt.com/menu/menu-images/64ffec4406cca0140dfab831/e25d66c6-8eb9-11ee-a8c8-2a867062f6f7_26521220.jpg",
      "categories": [
        "MLÉČNÉ A CHLAZENÉ",
        "JOGURTY A DEZERTY"
      ],
      "prices": [
        {
          "store_name": "Albert",
          "price": 24.9,
          "original_price": null,
          "unit_price": 142.29,
          "unit": "Kg",
          "package_size": "175 g",
          "condition": null
        }
      ],
      "description": null
    },
    {
      "name": "Milko Tvaroháček Vanilkový tvarohový krém",
      "brand": "Milko",
      "product_url": "https://wolt.com/cs/cze/prague/venue/albert-vinohradska/milko-tvarohacek-vanilkovy-tvarohovy-krem-itemid-64ca0b7cba162577de48811f",
      "image_url": "https://imageproxy.wolt.com/menu/menu-images/64ffec4406cca0140dfab831/7d11f43e-8eb0-11ee-a7fc-325d7328b531_23841154.jpg",
      "categories": [
        "MLÉČNÉ A CHLAZENÉ",
        "JOGURTY A DEZERTY"
      ],
      "prices": [
        {
          "store_name": "Albert",
          "price": 16.9,
          "original_price": null,
          "unit_price": 187.78,
          "unit": "Kg",
          "package_size": "90 g",
          "condition": null
        }
      ],
      "description": null
    },
    {
      "name": "Nature's Promise Šťáva ananas, meloun a mango",
      "brand": "Nature's Promise",
      "product_url": "https://wolt.com/cs/cze/prague/venue/albert-vinohradska/nature-s-promise-stava-ananas-meloun-a-mango-itemid-64ca0b7cba162577de489abb",
      "image_url": "https://imageproxy.wolt.com/menu/menu-images/63ad795db242366d1f818f36/6df99548-8e26-11f0-8d22-b235b6a84d88_26688725.jpg",
      "categories": [
        "NÁPOJE",
        "DŽUSY A NEKTARY"
      ],
      "prices": [
        {
          "store_name": "Albert",
          "price": 49.9,
          "original_price": null,
          "unit_price": 99.8,
          "unit": "l",
          "package_size": "500 ml",
          "condition": null
        }
      ],
      "description": null
    },
    {
      "name": "Albert Vánočka sváteční s rozinkami a mandlemi",
      "brand": "Albert",
      "product_url": "https://wolt.com/cs/cze/prague/venue/albert-vinohradska/albert-vanocka-svatecni-s-rozinkami-a-mandlemi-itemid-660210e82d2fdcd3a0542a27",
      "image_url": "https://imageproxy.wolt.com/menu/menu-images/6601c613e48d1c8d95333085/626f9ab4-eae5-11ee-a654-9e6b6bb9a299_27833322.jpg",
      "categories": [
        "PEKÁRNA A CUKRÁRNA",
        "SLANÉ PEČIVO BALENÉ"
      ],
      "prices": [
        {
          "store_name": "Albert",
          "price": 54.9,
          "original_price": null,
          "unit_price": 137.25,
          "unit": "Kg",
          "package_size": "400 g",
          "condition": null
        }
      ],
      "description": null
    },
    {
      "name": "Mattoni Perlivá minerální voda",
      "brand": "Mattoni",
      "product_url": "https://wolt.com/cs/cze/prague/venue/albert-vinohradska/mattoni-perliva-mineralni-voda-itemid-64ca0b7cba162577de48806f",
      "image_url": "https://imageproxy.wolt.com/menu/menu-images/64ffec4406cca0140dfab831/d5c04d36-8ead-11ee-af67-1aab45c8976d_21360770.jpg",
      "categories": [
        "NÁPOJE",
        "VODY A MINERÁLKY"
      ],
      "prices": [
        {
          "store_name": "Albert",
          "price": 16.9,
          "original_price": null,
          "unit_price": 11.27,
          "unit": "l",
          "package_size": "1,5 l",
          "condition": null
        }
      ],
      "description": null
    },
    {
      "name": "Alpro Ovesný nápoj  TAG 3,5%",
      "brand": "Alpro",
      "product_url": "https://wolt.com/cs/cze/prague/venue/albert-vinohradska/alpro-ovesny-napoj-tag-3-5-itemid-64ca0b7cba162577de489653",
      "image_url": "https://imageproxy.wolt.com/menu/menu-images/63ad795db242366d1f818f36/b700ee9c-b931-11ee-9d06-7e5fe0749233_27670965.jpg",
      "categories": [
        "MLÉČNÉ A CHLAZENÉ",
        "ROSTLINNÉ PRODUKTY"
      ],
      "prices": [
        {
          "store_name": "Albert",
          "price": 86.9,
          "original_price": null,
          "unit_price": 86.9,
          "unit": "l",
          "package_size": "1 l",
          "condition": null
        }
      ],
      "description": null
    },
    {
      "name": "Nature's Promise Bio Vločky žitné",
      "brand": "Nature's Promise",
      "product_url": "https://wolt.com/cs/cze/prague/venue/albert-vinohradska/nature-s-promise-bio-vlocky-zitne-itemid-64ca0b7cba162577de48a364",
      "image_url": "https://imageproxy.wolt.com/menu/menu-images/64ffec4406cca0140dfab831/54701e66-8ebf-11ee-bb32-0e9fc0f27358_27107072.jpg",
      "categories": [
        "TRVANLIVÉ",
        "PEČENÍ A VAŘENÍ"
      ],
      "prices": [
        {
          "store_name": "Albert",
          "price": 16.9,
          "original_price": null,
          "unit_price": 67.6,
          "unit": "Kg",
          "package_size": "250 g",
          "condition": null
        }
      ],
      "description": null
    },
    {
      "name": "Dove jemné tekuté mýdlo náhradní náplň",
      "brand": "Dove",
      "product_url": "https://wolt.com/cs/cze/prague/venue/albert-vinohradska/dove-jemne-tekute-mydlo-nahradni-napln-itemid-64ca0b7cba162577de489a63",
      "image_url": "https://imageproxy.wolt.com/menu/menu-images/64ffec4406cca0140dfab831/a727f94a-8eaf-11ee-b925-12ad6b72684e_23451216.jpg",
      "categories": [
        "DROGERIE A KOSMETIKA",
        "MÝDLA A GELY"
      ],
      "prices": [
        {
          "store_name": "Albert",
          "price": 134.9,
          "original_price": null,
          "unit_price": 269.8,
          "unit": "l",
          "package_size": "500 ml",
          "condition": null
        }
      ],
      "description": null
    },
    {
      "name": "Garnier Body tělové mléko regenerační",
      "brand": "Garnier",
      "product_url": "https://wolt.com/cs/cze/prague/venue/albert-vinohradska/garnier-body-telove-mleko-regeneracni-itemid-64ca0b7cba162577de489b9d",
      "image_url": "https://imageproxy.wolt.com/menu/menu-images/64ffec4406cca0140dfab831/ac12eafe-8eb0-11ee-a2f7-b6077702759d_23924413.jpg",
      "categories": [
        "DROGERIE A KOSMETIKA",
        "PÉČE O PLEŤ"
      ],
      "prices": [
        {
          "store_name": "Albert",
          "price": null,
          "original_price": null,
          "unit_price": 397.5,
          "unit": "l",
          "package_size": "400 ml",
          "condition": "Sleva"
        }
      ],
      "description": null
    },
    {
      "name": "Lovepet krmivo pro psy s hovězím",
      "brand": "Lovepet",
      "product_url": "https://wolt.com/cs/cze/prague/venue/albert-vinohradska/lovepet-krmivo-pro-psy-s-hovezim-itemid-6601e0b0c12b19d4ba656e23",
      "image_url": "https://imageproxy.wolt.com/menu/menu-images/6601c613e48d1c8d95333085/17643bbc-eae3-11ee-91c4-4edc7219f866_26444239.jpg",
      "categories": [
        "ZVÍŘATA",
        "PSI"
      ],
      "prices": [
        {
          "store_name": "Albert",
          "price": 16.9,
          "original_price": null,
          "unit_price": 40.72,
          "unit": "Kg",
          "package_size": "415 g",
          "condition": null
        }
      ],
      "description": null
    },
    {
      "name": "Česká Chuť Zmrzlina z Opočna jahoda-malina",
      "brand": "Česká chuť",
      "product_url": "https://wolt.com/cs/cze/prague/venue/albert-vinohradska/ceska-chut-zmrzlina-z-opocna-jahoda-malina-itemid-6876153a0c6218e9f3e5f481",
      "image_url": "https://imageproxy.wolt.com/menu/menu-images/64b62ec5e5ab70cdc92e30f0/2e4c8e16-616f-11f0-90f4-029703fba826_27862711.jpg",
      "categories": [
        "MRAŽENÉ POTRAVINY",
        "ZMRZLINA A NANUKY"
      ],
      "prices": [
        {
          "store_name": "Albert",
          "price": 119.9,
          "original_price": null,
          "unit_price": 260.65,
          "unit": "l",
          "package_size": "460 ml",
          "condition": null
        }
      ],
      "description": null
    },
    {
      "name": "Perla Origins Colombia mletá káva",
      "brand": "Perla",
      "product_url": "https://wolt.com/cs/cze/prague/venue/albert-vinohradska/perla-origins-colombia-mleta-kava-itemid-64ca0b7cba162577de489a7c",
      "image_url": "https://imageproxy.wolt.com/menu/menu-images/63ad795db242366d1f818f36/696f6a26-4e4d-11ef-a248-fa79407ec05a_27257708.jpg",
      "categories": [
        "NÁPOJE",
        "KÁVA A ČAJ"
      ],
      "prices": [
        {
          "store_name": "Albert",
          "price": 149.9,
          "original_price": null,
          "unit_price": 599.6,
          "unit": "Kg",
          "package_size": "250 g",
          "condition": "Vyprodáno"
        }
      ],
      "description": null
    },
    {
      "name": "Franz Josef Kaiser Sušená rajčata krájená",
      "brand": "Franz Josef Kaiser",
      "product_url": "https://wolt.com/cs/cze/prague/venue/albert-vinohradska/franz-josef-kaiser-susena-rajcata-krajena-itemid-64ca0b7cba162577de4886dd",
      "image_url": "https://imageproxy.wolt.com/menu/menu-images/64ffec4406cca0140dfab831/b9eb63f0-8eb9-11ee-8be7-2a789dffa3ae_26479958.jpg",
      "categories": [
        "TRVANLIVÉ",
        "KONZERVOVANÉ POTR."
      ],
      "prices": [
        {
          "store_name": "Albert",
          "price": 69.9,
          "original_price": null,
          "unit_price": 635.45,
          "unit": "Kg",
          "package_size": "110 g",
          "condition": null
        }
      ],
      "description": null
    },
    {
      "name": "Gustona Rajčatový protlak",
      "brand": "Gustona",
      "product_url": "https://wolt.com/cs/cze/prague/venue/albert-vinohradska/gustona-rajcatovy-protlak-itemid-66021594a51566a88b0baebc",
      "image_url": "https://imageproxy.wolt.com/menu/menu-images/63ad795db242366d1f818f36/18eac96a-ed44-11ef-9dbd-6244a2b208ab_27011201.jpg",
      "categories": [
        "TRVANLIVÉ",
        "KONZERVOVANÉ POTR."
      ],
      "prices": [
        {
          "store_name": "Albert",
          "price": 15.9,
          "original_price": null,
          "unit_price": 113.57,
          "unit": "Kg",
          "package_size": "140 g",
          "condition": null
        }
      ],
      "description": null
    },
    {
      "name": "Nature's Promise Okurky kysané",
      "brand": "Nature's Promise",
      "product_url": "https://wolt.com/cs/cze/prague/venue/albert-vinohradska/nature-s-promise-okurky-kysane-itemid-64ca0b7cba162577de489443",
      "image_url": "https://imageproxy.wolt.com/menu/menu-images/63ad795db242366d1f818f36/3d53e9d4-2c8e-11ef-a442-ba6fe20112e3_24195317.jpg",
      "categories": [
        "OVOCE A ZELENINA",
        "ZELENINA"
      ],
      "prices": [
        {
          "store_name": "Albert",
          "price": 49.9,
          "original_price": null,
          "unit_price": 99.8,
          "unit": "Kg",
          "package_size": "500 g",
          "condition": null
        }
      ],
      "description": null
    },
    {
      "name": "Gourmet Gold Paštika s tuňákem",
      "brand": "Gourmet",
      "product_url": "https://wolt.com/cs/cze/prague/venue/albert-vinohradska/gourmet-gold-pastika-s-tunakem-itemid-6601f5d422b682f831ce5a19",
      "image_url": "https://imageproxy.wolt.com/menu/menu-images/6601c613e48d1c8d95333085/8f858d9a-eae2-11ee-972b-c27cc33af372_24891035.jpg",
      "categories": [
        "ZVÍŘATA",
        "KOČKY"
      ],
      "prices": [
        {
          "store_name": "Albert",
          "price": 19.9,
          "original_price": null,
          "unit_price": 234.12,
          "unit": "Kg",
          "package_size": "85 g",
          "condition": null
        }
      ],
      "description": null
    },
    {
      "name": "Albert Excellent Parmigiano Reggiano DOP",
      "brand": "Albert Excellent",
      "product_url": "https://wolt.com/cs/cze/prague/venue/albert-vinohradska/albert-excellent-parmigiano-reggiano-dop-itemid-64ca0b7cba162577de489b58",
      "image_url": "https://imageproxy.wolt.com/menu/menu-images/63ad795db242366d1f818f36/3fb51d7e-9796-11ef-99c1-c646e2611926_26120133.jpg",
      "categories": [
        "MLÉČNÉ A CHLAZENÉ",
        "SÝRY"
      ],
      "prices": [
        {
          "store_name": "Albert",
          "price": 104.85,
          "original_price": null,
          "unit_price": null,
          "unit": null,
          "package_size": null,
          "condition": "Vyprodáno"
        }
      ],
      "description": null
    },
    {
      "name": "Albert Turistky oříškové",
      "brand": "Albert",
      "product_url": "https://wolt.com/cs/cze/prague/venue/albert-vinohradska/albert-turistky-oriskove-itemid-64ca0b7cba162577de488689",
      "image_url": "https://imageproxy.wolt.com/menu/menu-images/64ffec4406cca0140dfab831/3abb18a2-8ec1-11ee-b3ad-fae72eeefc2d_27225004.jpg",
      "categories": [
        "TRVANLIVÉ",
        "SLADKOSTI"
      ],
      "prices": [
        {
          "store_name": "Albert",
          "price": 7.9,
          "original_price": null,
          "unit_price": 175.56,
          "unit": "Kg",
          "package_size": "45 g",
          "condition": null
        }
      ],
      "description": null
    },
    {
      "name": "Milko Řecký jogurt bílý",
      "brand": "Milko",
      "product_url": "https://wolt.com/cs/cze/prague/venue/albert-vinohradska/milko-recky-jogurt-bily-itemid-657233256818b938df947bf1",
      "image_url": "https://imageproxy.wolt.com/menu/menu-images/64ffec4406cca0140dfab831/e5b01a22-8eb8-11ee-a13b-662d260bbeaa_26319155.jpg",
      "categories": [
        "MLÉČNÉ A CHLAZENÉ",
        "JOGURTY A DEZERTY"
      ],
      "prices": [
        {
          "store_name": "Albert",
          "price": null,
          "original_price": null,
          "unit_price": 89.9,
          "unit": "Kg",
          "package_size": "1 kg",
          "condition": "Sleva"
        }
      ],
      "description": null
    },
    {
      "name": "FuzeTea Strawberry Aloe Vera zelený ledový čaj",
      "brand": "FuzeTea",
      "product_url": "https://wolt.com/cs/cze/prague/venue/albert-vinohradska/fuzetea-strawberry-aloe-vera-zeleny-ledovy-caj-itemid-64ca0b7cba162577de48a215",
      "image_url": "https://imageproxy.wolt.com/menu/menu-images/63ad795db242366d1f818f36/49001fe2-bbe4-11ef-b7bc-4a00e9edd6fe_26915418.jpg",
      "categories": [
        "NÁPOJE",
        "LIMONÁDY"
      ],
      "prices": [
        {
          "store_name": "Albert",
          "price": 29.9,
          "original_price": null,
          "unit_price": 59.8,
          "unit": "l",
          "package_size": "500 ml",
          "condition": "Vyprodáno"
        }
      ],
      "description": null
    },
    {
      "name": "FINO LD Pytle Zeus Flex  70L",
      "brand": "FINO LD",
      "product_url": "https://wolt.com/cs/cze/prague/venue/albert-vinohradska/fino-ld-pytle-zeus-flex-70l-itemid-6601e9e8e748b53cb587baaf",
      "image_url": "https://imageproxy.wolt.com/menu/menu-images/63ad795db242366d1f818f36/516c56be-c471-11f0-9fef-4a9807740c0f_27567777.jpg",
      "categories": [
        "DOMÁCNOST A ZAHRADA",
        "ÚKLIDOVÉ POTŘEBY"
      ],
      "prices": [
        {
          "store_name": "Albert",
          "price": 69.9,
          "original_price": null,
          "unit_price": 8.74,
          "unit": "ks",
          "package_size": "‪8‬ kusů",
          "condition": null
        }
      ],
      "description": null
    },
    {
      "name": "Zlatý Sýr Cheddar 50% bloček",
      "brand": "Zlatý",
      "product_url": "https://wolt.com/cs/cze/prague/venue/albert-vinohradska/zlaty-syr-cheddar-50-blocek-itemid-657233256818b938df947852",
      "image_url": "https://imageproxy.wolt.com/menu/menu-images/64ffec4406cca0140dfab831/ba049f6a-8ebd-11ee-8338-2ea44b0f5f93_26964157.jpg",
      "categories": [
        "MLÉČNÉ A CHLAZENÉ",
        "SÝRY"
      ],
      "prices": [
        {
          "store_name": "Albert",
          "price": 73.9,
          "original_price": null,
          "unit_price": 369.5,
          "unit": "Kg",
          "package_size": "200 g",
          "condition": null
        }
      ],
      "description": null
    },
    {
      "name": "Bohemia Chips slanina",
      "brand": "Bohemia",
      "product_url": "https://wolt.com/cs/cze/prague/venue/albert-vinohradska/bohemia-chips-slanina-itemid-64ca0b7cba162577de4885bb",
      "image_url": "https://imageproxy.wolt.com/menu/menu-images/64ffec4406cca0140dfab831/3daf9bb4-8ec1-11ee-9901-2289f94b8ae4_27228067.jpg",
      "categories": [
        "TRVANLIVÉ",
        "SLANÉ"
      ],
      "prices": [
        {
          "store_name": "Albert",
          "price": 59.9,
          "original_price": null,
          "unit_price": 460.77,
          "unit": "Kg",
          "package_size": "130 g",
          "condition": null
        }
      ],
      "description": null
    },
    {
      "name": "Emma Cereální polštářky příchuť lískooříšková",
      "brand": "Emma",
      "product_url": "https://wolt.com/cs/cze/prague/venue/albert-vinohradska/emma-cerealni-polstarky-prichut-liskooriskova-itemid-64ca0b7cba162577de488a53",
      "image_url": "https://imageproxy.wolt.com/menu/menu-images/63ad795db242366d1f818f36/88bdbfbe-2183-11ef-a508-2e5846bfbdf8_25739947.jpg",
      "categories": [
        "TRVANLIVÉ",
        "MÜSLI A CEREÁLIE"
      ],
      "prices": [
        {
          "store_name": "Albert",
          "price": 43.9,
          "original_price": null,
          "unit_price": 117.07,
          "unit": "Kg",
          "package_size": "375 g",
          "condition": null
        }
      ],
      "description": null
    },
    {
      "name": "Syoss Men Clean & Cool šampon pro muže",
      "brand": "Syoss",
      "product_url": "https://wolt.com/cs/cze/prague/venue/albert-vinohradska/syoss-men-clean-cool-sampon-pro-muze-itemid-64ca0b7cba162577de48a36d",
      "image_url": "https://imageproxy.wolt.com/menu/menu-images/63ad795db242366d1f818f36/eeb20c00-f8ef-11ef-8180-b6093c52e4cb_26922607.jpg",
      "categories": [
        "DROGERIE A KOSMETIKA",
        "PÉČE O VLASY"
      ],
      "prices": [
        {
          "store_name": "Albert",
          "price": 153.0,
          "original_price": null,
          "unit_price": 347.73,
          "unit": "l",
          "package_size": "440 ml",
          "condition": null
        }
      ],
      "description": null
    },
    {
      "name": "Kotányi Pepř čtyř barev celý",
      "brand": "Kotányi",
      "product_url": "https://wolt.com/cs/cze/prague/venue/albert-vinohradska/kotanyi-pepr-ctyr-barev-cely-itemid-6602116daf091defeca07a7d",
      "image_url": "https://imageproxy.wolt.com/menu/menu-images/6601c613e48d1c8d95333085/70d84dba-eae2-11ee-9855-daa57e6835e8_24151771.jpg",
      "categories": [
        "TRVANLIVÉ",
        "KOŘENÍ A OCHUCOVADLA"
      ],
      "prices": [
        {
          "store_name": "Albert",
          "price": 79.9,
          "original_price": null,
          "unit_price": 1598.0,
          "unit": "Kg",
          "package_size": "50 g",
          "condition": null
        }
      ],
      "description": null
    },
    {
      "name": "Nestea Černý čaj broskev",
      "brand": "Nestea",
      "product_url": "https://wolt.com/cs/cze/prague/venue/albert-vinohradska/nestea-cerny-caj-broskev-itemid-64ca0b7cba162577de4896bf",
      "image_url": "https://imageproxy.wolt.com/menu/menu-images/63ad795db242366d1f818f36/7dda65c8-8e26-11f0-9197-a2db9da344ef_27209226.jpg",
      "categories": [
        "NÁPOJE",
        "LIMONÁDY"
      ],
      "prices": [
        {
          "store_name": "Albert",
          "price": 41.9,
          "original_price": null,
          "unit_price": 27.93,
          "unit": "l",
          "package_size": "1,5 l",
          "condition": null
        }
      ],
      "description": null
    },
    {
      "name": "Albert Eidam 45% plátky",
      "brand": "Albert",
      "product_url": "https://wolt.com/cs/cze/prague/venue/albert-vinohradska/albert-eidam-45-platky-itemid-64ca0b7cba162577de4892ae",
      "image_url": "https://imageproxy.wolt.com/menu/menu-images/64ffec4406cca0140dfab831/c88ea40e-8ebd-11ee-84e8-cae320ae1b7e_26965932.jpg",
      "categories": [
        "MLÉČNÉ A CHLAZENÉ",
        "SÝRY"
      ],
      "prices": [
        {
          "store_name": "Albert",
          "price": 109.9,
          "original_price": null,
          "unit_price": 219.8,
          "unit": "Kg",
          "package_size": "500 g",
          "condition": null
        }
      ],
      "description": null
    },
    {
      "name": "Albert Jedlá soda",
      "brand": "Albert",
      "product_url": "https://wolt.com/cs/cze/prague/venue/albert-vinohradska/albert-jedla-soda-itemid-64ca0b7cba162577de488609",
      "image_url": "https://imageproxy.wolt.com/menu/menu-images/64ffec4406cca0140dfab831/b3c8214a-8ec1-11ee-b790-2289f94b8ae4_27258019.jpg",
      "categories": [
        "TRVANLIVÉ",
        "PEČENÍ A VAŘENÍ"
      ],
      "prices": [
        {
          "store_name": "Albert",
          "price": 3.9,
          "original_price": null,
          "unit_price": 78.0,
          "unit": "Kg",
          "package_size": "50 g",
          "condition": null
        }
      ],
      "description": null
    },
    {
      "name": "Davidoff Espresso 57 Intense mletá káva",
      "brand": "Davidoff",
      "product_url": "https://wolt.com/cs/cze/prague/venue/albert-vinohradska/davidoff-espresso-57-intense-mleta-kava-itemid-64ca0b7cba162577de489bce",
      "image_url": "https://imageproxy.wolt.com/menu/menu-images/64ffec4406cca0140dfab831/da9f10c4-8eaf-11ee-b2c9-1aabffa83dfd_23552517.jpg",
      "categories": [
        "NÁPOJE",
        "KÁVA A ČAJ"
      ],
      "prices": [
        {
          "store_name": "Albert",
          "price": 299.0,
          "original_price": null,
          "unit_price": 1196.0,
          "unit": "Kg",
          "package_size": "250 g",
          "condition": null
        }
      ],
      "description": null
    },
    {
      "name": "Flora",
      "brand": "Flora",
      "product_url": "https://wolt.com/cs/cze/prague/venue/albert-vinohradska/flora-itemid-64ca0b7cba162577de489b33",
      "image_url": "https://imageproxy.wolt.com/menu/menu-images/64ffec4406cca0140dfab831/b8ef46de-8ec7-11ee-961f-86f1953ceff6_27673690.jpg",
      "categories": [
        "MLÉČNÉ A CHLAZENÉ",
        "MÁSLO A TUKY"
      ],
      "prices": [
        {
          "store_name": "Albert",
          "price": 69.9,
          "original_price": null,
          "unit_price": 310.67,
          "unit": "Kg",
          "package_size": "225 g",
          "condition": null
        }
      ],
      "description": null
    },
    {
      "name": "Tatra Kravík příchuť vanilka",
      "brand": "Tatra",
      "product_url": "https://wolt.com/cs/cze/prague/venue/albert-vinohradska/tatra-kravik-prichut-vanilka-itemid-64ca0b7cba162577de488b7d",
      "image_url": "https://imageproxy.wolt.com/menu/menu-images/64ffec4406cca0140dfab831/eec98ade-8eaf-11ee-97d7-f2309c23f2b6_23583542.jpg",
      "categories": [
        "MLÉČNÉ A CHLAZENÉ",
        "MLÉČNÉ NÁPOJE"
      ],
      "prices": [
        {
          "store_name": "Albert",
          "price": 20.9,
          "original_price": null,
          "unit_price": 83.6,
          "unit": "l",
          "package_size": "250 ml",
          "condition": null
        }
      ],
      "description": null
    },
    {
      "name": "Albert Sleďové filety",
      "brand": "Albert",
      "product_url": "https://wolt.com/cs/cze/prague/venue/albert-vinohradska/albert-sledove-filety-itemid-657233256818b938df94867f",
      "image_url": "https://imageproxy.wolt.com/menu/menu-images/64ffec4406cca0140dfab831/adad3ea0-8ebf-11ee-8fa8-d61ea9882201_27126035.jpg",
      "categories": [
        "UZENINY A LAHŮDKY",
        "RYBÍ SPECIALITY"
      ],
      "prices": [
        {
          "store_name": "Albert",
          "price": 59.9,
          "original_price": null,
          "unit_price": 149.75,
          "unit": "Kg",
          "package_size": "400 g",
          "condition": null
        }
      ],
      "description": null
    },
    {
      "name": "Gouda mladá 48% bloček",
      "brand": "Gouda",
      "product_url": "https://wolt.com/cs/cze/prague/venue/albert-vinohradska/gouda-mlada-48-blocek-itemid-657233256818b938df94788e",
      "image_url": "https://imageproxy.wolt.com/menu/menu-images/64ffec4406cca0140dfab831/d5575218-8eb7-11ee-ace1-7a4dcb26504b_26075846.jpg",
      "categories": [
        "MLÉČNÉ A CHLAZENÉ",
        "SÝRY"
      ],
      "prices": [
        {
          "store_name": "Albert",
          "price": 266.11,
          "original_price": null,
          "unit_price": null,
          "unit": null,
          "package_size": null,
          "condition": "Vyprodáno"
        }
      ],
      "description": null
    },
    {
      "name": "Pribináček Kapsík vanilka",
      "brand": "Pribináček",
      "product_url": "https://wolt.com/cs/cze/prague/venue/albert-vinohradska/pribinacek-kapsik-vanilka-itemid-64ca0b7cba162577de48909f",
      "image_url": "https://imageproxy.wolt.com/menu/menu-images/64ffec4406cca0140dfab831/5ecf0416-8ec0-11ee-b11b-3a3bddbb56de_27170557.jpg",
      "categories": [
        "MLÉČNÉ A CHLAZENÉ",
        "JOGURTY A DEZERTY"
      ],
      "prices": [
        {
          "store_name": "Albert",
          "price": 19.9,
          "original_price": null,
          "unit_price": 284.29,
          "unit": "Kg",
          "package_size": "70 g",
          "condition": null
        }
      ],
      "description": null
    },
    {
      "name": "Snickers multipack",
      "brand": "Snickers",
      "product_url": "https://wolt.com/cs/cze/prague/venue/albert-vinohradska/snickers-multipack-itemid-6876153a0c6218e9f3e5f4b4",
      "image_url": "https://imageproxy.wolt.com/menu/menu-images/64b62ec5e5ab70cdc92e30f0/e11bb3ba-616e-11f0-9018-228fc40fb1a2_27972366.jpg",
      "categories": [
        "MRAŽENÉ POTRAVINY",
        "ZMRZLINA A NANUKY"
      ],
      "prices": [
        {
          "store_name": "Albert",
          "price": 149.9,
          "original_price": null,
          "unit_price": 496.36,
          "unit": "l",
          "package_size": "302 ml",
          "condition": null
        }
      ],
      "description": null
    },
    {
      "name": "Nový věk Chlebíčky rýžové kakaové",
      "brand": "Nový",
      "product_url": "https://wolt.com/cs/cze/prague/venue/albert-vinohradska/novy-vek-chlebicky-ryzove-kakaove-itemid-64ca0b7cba162577de488ffc",
      "image_url": "https://imageproxy.wolt.com/menu/menu-images/64ffec4406cca0140dfab831/4730afd8-8eae-11ee-9902-9a472ccb949a_22090188.jpg",
      "categories": [
        "PEKÁRNA A CUKRÁRNA",
        "RACIO A KNÄCKEBROT"
      ],
      "prices": [
        {
          "store_name": "Albert",
          "price": null,
          "original_price": null,
          "unit_price": 248.33,
          "unit": "Kg",
          "package_size": "60 g",
          "condition": "Sleva"
        }
      ],
      "description": null
    },
    {
      "name": "Česká chuť Jogurt smetanový ovocný mix",
      "brand": "Česká chuť",
      "product_url": "https://wolt.com/cs/cze/prague/venue/albert-vinohradska/ceska-chut-jogurt-smetanovy-ovocny-mix-itemid-660222173dbf95b91fbd76a5",
      "image_url": "https://imageproxy.wolt.com/menu/menu-images/6601c613e48d1c8d95333085/626f4154-eae5-11ee-88bb-b61162878c08_27832714.jpg",
      "categories": [
        "MLÉČNÉ A CHLAZENÉ",
        "JOGURTY A DEZERTY"
      ],
      "prices": [
        {
          "store_name": "Albert",
          "price": 12.9,
          "original_price": null,
          "unit_price": 86.0,
          "unit": "Kg",
          "package_size": "150 g",
          "condition": null
        }
      ],
      "description": null
    },
    {
      "name": "Kucharek Hovězí bujón",
      "brand": "Kucharek",
      "product_url": "https://wolt.com/cs/cze/prague/venue/albert-vinohradska/kucharek-hovezi-bujon-itemid-64ca0b7cba162577de4883a7",
      "image_url": "https://imageproxy.wolt.com/menu/menu-images/63ad795db242366d1f818f36/e4788aa6-377b-11ef-a2d7-3ab6bd7d9cc9_24319003.jpg",
      "categories": [
        "TRVANLIVÉ",
        "KOŘENÍ A OCHUCOVADLA"
      ],
      "prices": [
        {
          "store_name": "Albert",
          "price": 29.9,
          "original_price": null,
          "unit_price": 249.17,
          "unit": "Kg",
          "package_size": "120 g",
          "condition": null
        }
      ],
      "description": null
    },
    {
      "name": "Albert Tácy grilovací servírovací",
      "brand": "Albert",
      "product_url": "https://wolt.com/cs/cze/prague/venue/albert-vinohradska/albert-tacy-grilovaci-servirovaci-itemid-657233256818b938df9481ba",
      "image_url": "https://imageproxy.wolt.com/menu/menu-images/64ffec4406cca0140dfab831/d17224a2-8ec1-11ee-bd2c-66f80a096b2a_27261576.jpg",
      "categories": [
        "DOMÁCNOST A ZAHRADA",
        "JEDNORÁZOVÉ NÁDOBÍ"
      ],
      "prices": [
        {
          "store_name": "Albert",
          "price": 34.9,
          "original_price": null,
          "unit_price": 17.45,
          "unit": "ks",
          "package_size": "‪2‬ kusů",
          "condition": "Vyprodáno"
        }
      ],
      "description": null
    },
    {
      "name": "Huhu Sušené kachní proužky pamlsek pro psy",
      "brand": "Huhu",
      "product_url": "https://wolt.com/cs/cze/prague/venue/albert-vinohradska/huhu-susene-kachni-prouzky-pamlsek-pro-psy-itemid-657233256818b938df947fe7",
      "image_url": "https://imageproxy.wolt.com/menu/menu-images/64ffec4406cca0140dfab831/094dd2b8-8ebd-11ee-b10a-ea9b0480a229_26897479.jpg",
      "categories": [
        "ZVÍŘATA",
        "PSI"
      ],
      "prices": [
        {
          "store_name": "Albert",
          "price": 155.0,
          "original_price": null,
          "unit_price": 620.0,
          "unit": "Kg",
          "package_size": "250 g",
          "condition": null
        }
      ],
      "description": null
    },
    {
      "name": "Mlékárna Kunín Mléčná rýže jahoda",
      "brand": "Mlékárna Kunín",
      "product_url": "https://wolt.com/cs/cze/prague/venue/albert-vinohradska/mlekarna-kunin-mlecna-ryze-jahoda-itemid-64ca0b7cba162577de48875f",
      "image_url": "https://imageproxy.wolt.com/menu/menu-images/63ad795db242366d1f818f36/41bf84a2-e818-11ee-a096-0abacf7ba7f5_21295898.jpg",
      "categories": [
        "MLÉČNÉ A CHLAZENÉ",
        "JOGURTY A DEZERTY"
      ],
      "prices": [
        {
          "store_name": "Albert",
          "price": 25.9,
          "original_price": null,
          "unit_price": 148.0,
          "unit": "Kg",
          "package_size": "175 g",
          "condition": null
        }
      ],
      "description": null
    },
    {
      "name": "Ricola bonbony černý bez bez cukru",
      "brand": "Ricola",
      "product_url": "https://wolt.com/cs/cze/prague/venue/albert-vinohradska/ricola-bonbony-cerny-bez-bez-cukru-itemid-64ca0b7cba162577de489f49",
      "image_url": "https://imageproxy.wolt.com/menu/menu-images/64ffec4406cca0140dfab831/5e1e1af2-8eb1-11ee-80c4-02d10f7fce64_24335676.jpg",
      "categories": [
        "TRVANLIVÉ",
        "SLADKOSTI"
      ],
      "prices": [
        {
          "store_name": "Albert",
          "price": 34.9,
          "original_price": null,
          "unit_price": 872.5,
          "unit": "Kg",
          "package_size": "40 g",
          "condition": null
        }
      ],
      "description": null
    },
    {
      "name": "Albert Smetana ke šlehání 33%",
      "brand": "Albert",
      "product_url": "https://wolt.com/cs/cze/prague/venue/albert-vinohradska/albert-smetana-ke-slehani-33-itemid-64ca0b7cba162577de488257",
      "image_url": "https://imageproxy.wolt.com/menu/menu-images/63ad795db242366d1f818f36/6925c132-e818-11ee-b660-0abacf7ba7f5_27183229.jpg",
      "categories": [
        "MLÉČNÉ A CHLAZENÉ",
        "SMETANY A ŠLEHAČKY"
      ],
      "prices": [
        {
          "store_name": "Albert",
          "price": 39.9,
          "original_price": null,
          "unit_price": 159.6,
          "unit": "l",
          "package_size": "250 ml",
          "condition": null
        }
      ],
      "description": null
    },
    {
      "name": "Le & Co Šunka od kosti nejvyšší jakosti, shaved",
      "brand": "Le & Co",
      "product_url": "https://wolt.com/cs/cze/prague/venue/albert-vinohradska/le-co-sunka-od-kosti-nejvyssi-jakosti-shaved-itemid-64ca0b7cba162577de48914e",
      "image_url": "https://imageproxy.wolt.com/menu/menu-images/64ffec4406cca0140dfab831/8ebe638c-8eb7-11ee-86e0-c64f1deb8de2_25961805.jpg",
      "categories": [
        "UZENINY A LAHŮDKY",
        "ŠUNKY A SLANINY"
      ],
      "prices": [
        {
          "store_name": "Albert",
          "price": null,
          "original_price": null,
          "unit_price": 329.0,
          "unit": "Kg",
          "package_size": "100 g",
          "condition": "Sleva, Vyprodáno"
        }
      ],
      "description": null
    },
    {
      "name": "Albert Grilovací koření na sýr",
      "brand": "Albert",
      "product_url": "https://wolt.com/cs/cze/prague/venue/albert-vinohradska/albert-grilovaci-koreni-na-syr-itemid-64ca0b7cba162577de488c19",
      "image_url": "https://imageproxy.wolt.com/menu/menu-images/64ffec4406cca0140dfab831/8a7270b6-8ec1-11ee-b91c-a2846f3734b2_27253229.jpg",
      "categories": [
        "TRVANLIVÉ",
        "KOŘENÍ A OCHUCOVADLA"
      ],
      "prices": [
        {
          "store_name": "Albert",
          "price": 14.9,
          "original_price": null,
          "unit_price": 745.0,
          "unit": "Kg",
          "package_size": "20 g",
          "condition": null
        }
      ],
      "description": null
    },
    {
      "name": "Coca-Cola Cherry",
      "brand": "Coca-Cola",
      "product_url": "https://wolt.com/cs/cze/prague/venue/albert-vinohradska/coca-cola-cherry-itemid-681b5abffcbd67bf7a8f4a57",
      "image_url": "https://imageproxy.wolt.com/menu/menu-images/63ad795db242366d1f818f36/01fbb2b8-2b48-11f0-a96b-26adcdbea7f7_27983034.jpg",
      "categories": [
        "NÁPOJE",
        "LIMONÁDY"
      ],
      "prices": [
        {
          "store_name": "Albert",
          "price": 29.9,
          "original_price": null,
          "unit_price": 19.93,
          "unit": "l",
          "package_size": "1,5 l",
          "condition": null
        }
      ],
      "description": null
    },
    {
      "name": "Friskies Beggin' Strips pro psy slanina",
      "brand": "Friskies",
      "product_url": "https://wolt.com/cs/cze/prague/venue/albert-vinohradska/friskies-beggin-strips-pro-psy-slanina-itemid-6601e4d4b45108610623c478",
      "image_url": "https://imageproxy.wolt.com/menu/menu-images/6601c613e48d1c8d95333085/af58397e-eae2-11ee-8ecc-0279839fcf9e_25350999.jpg",
      "categories": [
        "ZVÍŘATA",
        "PSI"
      ],
      "prices": [
        {
          "store_name": "Albert",
          "price": 64.9,
          "original_price": null,
          "unit_price": 540.83,
          "unit": "Kg",
          "package_size": "120 g",
          "condition": null
        }
      ],
      "description": null
    },
    {
      "name": "Hollandia Bio Jogurt selský bílý",
      "brand": "Hollandia",
      "product_url": "https://wolt.com/cs/cze/prague/venue/albert-vinohradska/hollandia-bio-jogurt-selsky-bily-itemid-64ca0b7cba162577de489154",
      "image_url": "https://imageproxy.wolt.com/menu/menu-images/63ad795db242366d1f818f36/11f99448-7826-11f0-8ad9-92d7bdc2e0f5_25222388.jpg",
      "categories": [
        "MLÉČNÉ A CHLAZENÉ",
        "JOGURTY A DEZERTY"
      ],
      "prices": [
        {
          "store_name": "Albert",
          "price": null,
          "original_price": null,
          "unit_price": 49.75,
          "unit": "Kg",
          "package_size": "400 g",
          "condition": "Sleva, Vyprodáno"
        }
      ],
      "description": null
    },
    {
      "name": "Nature's Promise Bio Baby Těstoviny s lososem",
      "brand": "Nature's Promise",
      "product_url": "https://wolt.com/cs/cze/prague/venue/albert-vinohradska/nature-s-promise-bio-baby-testoviny-s-lososem-itemid-64ca0b7cba162577de488de3",
      "image_url": "https://imageproxy.wolt.com/menu/menu-images/63ad795db242366d1f818f36/80383dea-8e26-11f0-a60c-6e266a8ac55a_27316672.jpg",
      "categories": [
        "DÍTĚ",
        "VÝŽIVA"
      ],
      "prices": [
        {
          "store_name": "Albert",
          "price": 24.9,
          "original_price": null,
          "unit_price": 131.05,
          "unit": "Kg",
          "package_size": "190 g",
          "condition": null
        }
      ],
      "description": null
    },
    {
      "name": "Víno Motýl Chardonnay",
      "brand": "Víno",
      "product_url": "https://wolt.com/cs/cze/prague/venue/albert-vinohradska/vino-motyl-chardonnay-itemid-64ca0b7cba162577de48890b",
      "image_url": "https://imageproxy.wolt.com/menu/menu-images/64ffec4406cca0140dfab831/69a8b4ce-8eb4-11ee-b673-9e446d541704_25321760.jpg",
      "categories": [
        "NÁPOJE",
        "VÍNA"
      ],
      "prices": [
        {
          "store_name": "Albert",
          "price": null,
          "original_price": null,
          "unit_price": 93.2,
          "unit": "l",
          "package_size": "750 ml, 11,5% alc",
          "condition": "Sleva, 18+"
        }
      ],
      "description": null
    },
    {
      "name": "Mlékárna Kunín Mléčná rýže čokoláda",
      "brand": "Mlékárna Kunín",
      "product_url": "https://wolt.com/cs/cze/prague/venue/albert-vinohradska/mlekarna-kunin-mlecna-ryze-cokolada-itemid-64ca0b7cba162577de489617",
      "image_url": "https://imageproxy.wolt.com/menu/menu-images/63ad795db242366d1f818f36/41c05bca-e818-11ee-a4c6-0abacf7ba7f5_21295904.jpg",
      "categories": [
        "MLÉČNÉ A CHLAZENÉ",
        "JOGURTY A DEZERTY"
      ],
      "prices": [
        {
          "store_name": "Albert",
          "price": 25.9,
          "original_price": null,
          "unit_price": 148.0,
          "unit": "Kg",
          "package_size": "175 g",
          "condition": null
        }
      ],
      "description": null
    },
    {
      "name": "Albert brokolice",
      "brand": "Albert",
      "product_url": "https://wolt.com/cs/cze/prague/venue/albert-vinohradska/albert-brokolice-itemid-64ca0b7cba162577de4883c3",
      "image_url": "https://imageproxy.wolt.com/menu/menu-images/64ffec4406cca0140dfab831/0674043c-8ead-11ee-bd34-f62fd0b321c8_20449148.jpg",
      "categories": [
        "OVOCE A ZELENINA",
        "ZELENINA"
      ],
      "prices": [
        {
          "store_name": "Albert",
          "price": 39.9,
          "original_price": null,
          "unit_price": 39.9,
          "unit": "ks",
          "package_size": "‪1‬ kus",
          "condition": "Vyprodáno"
        }
      ],
      "description": null
    },
    {
      "name": "Albert Excellent Tapas Ančovičky v oleji",
      "brand": "Albert Excellent",
      "product_url": "https://wolt.com/cs/cze/prague/venue/albert-vinohradska/albert-excellent-tapas-ancovicky-v-oleji-itemid-66022ee727d4aee8f00150b7",
      "image_url": "https://imageproxy.wolt.com/menu/menu-images/63ad795db242366d1f818f36/900feb82-8e26-11f0-b2e9-2a94239dae72_27643402.jpg",
      "categories": [
        "UZENINY A LAHŮDKY",
        "TAPAS"
      ],
      "prices": [
        {
          "store_name": "Albert",
          "price": 89.0,
          "original_price": null,
          "unit_price": 988.89,
          "unit": "Kg",
          "package_size": "90 g",
          "condition": null
        }
      ],
      "description": null
    },
    {
      "name": "Albert Grilovací koření steak",
      "brand": "Albert",
      "product_url": "https://wolt.com/cs/cze/prague/venue/albert-vinohradska/albert-grilovaci-koreni-steak-itemid-64ca0b7cba162577de4889cd",
      "image_url": "https://imageproxy.wolt.com/menu/menu-images/64ffec4406cca0140dfab831/873de10a-8ec1-11ee-86af-56559ab64f60_27253212.jpg",
      "categories": [
        "TRVANLIVÉ",
        "KOŘENÍ A OCHUCOVADLA"
      ],
      "prices": [
        {
          "store_name": "Albert",
          "price": 7.9,
          "original_price": null,
          "unit_price": 263.33,
          "unit": "Kg",
          "package_size": "30 g",
          "condition": null
        }
      ],
      "description": null
    },
    {
      "name": "Jack Link's Beef Jerky Sušené hovězí Original",
      "brand": "Jack",
      "product_url": "https://wolt.com/cs/cze/prague/venue/albert-vinohradska/jack-link-s-beef-jerky-susene-hovezi-original-itemid-64ca0b7cba162577de489446",
      "image_url": "https://imageproxy.wolt.com/menu/menu-images/64ffec4406cca0140dfab831/ea1c8f0a-8eb8-11ee-85f1-7a4dcb26504b_26330334.jpg",
      "categories": [
        "TRVANLIVÉ",
        "SLANÉ"
      ],
      "prices": [
        {
          "store_name": "Albert",
          "price": 77.9,
          "original_price": null,
          "unit_price": 3116.0,
          "unit": "Kg",
          "package_size": "25 g",
          "condition": null
        }
      ],
      "description": null
    },
    {
      "name": "Vitana Rajská omáčka",
      "brand": "Vitana",
      "product_url": "https://wolt.com/cs/cze/prague/venue/albert-vinohradska/vitana-rajska-omacka-itemid-6601eea6fccde69eaa6c6adb",
      "image_url": "https://imageproxy.wolt.com/menu/menu-images/6601c613e48d1c8d95333085/01de15fc-eae2-11ee-a6cb-7af12948c363_20303877.jpg",
      "categories": [
        "TRVANLIVÉ",
        "KOŘENÍ A OCHUCOVADLA"
      ],
      "prices": [
        {
          "store_name": "Albert",
          "price": 34.9,
          "original_price": null,
          "unit_price": 536.92,
          "unit": "Kg",
          "package_size": "65 g",
          "condition": null
        }
      ],
      "description": null
    },
    {
      "name": "Franz Josef Kaiser Tuňákový salát fazole",
      "brand": "Franz Josef Kaiser",
      "product_url": "https://wolt.com/cs/cze/prague/venue/albert-vinohradska/franz-josef-kaiser-tunakovy-salat-fazole-itemid-657233256818b938df94785a",
      "image_url": "https://imageproxy.wolt.com/menu/menu-images/64ffec4406cca0140dfab831/9d65c4e0-8ebf-11ee-95d6-5eb9bb96d91f_27125137.jpg",
      "categories": [
        "TRVANLIVÉ",
        "KONZERVOVANÉ POTR."
      ],
      "prices": [
        {
          "store_name": "Albert",
          "price": 44.9,
          "original_price": null,
          "unit_price": 280.63,
          "unit": "Kg",
          "package_size": "160 g",
          "condition": null
        }
      ],
      "description": null
    },
    {
      "name": "Sommelier Collection Gewürztraminer",
      "brand": "Sommelier",
      "product_url": "https://wolt.com/cs/cze/prague/venue/albert-vinohradska/sommelier-collection-gewurztraminer-itemid-657233256818b938df9481b6",
      "image_url": "https://imageproxy.wolt.com/menu/menu-images/64ffec4406cca0140dfab831/acf3ee08-8ec6-11ee-a4b0-6e0f65c8f049_27618776.jpg",
      "categories": [
        "NÁPOJE",
        "VÍNA"
      ],
      "prices": [
        {
          "store_name": "Albert",
          "price": 289.0,
          "original_price": null,
          "unit_price": 385.33,
          "unit": "l",
          "package_size": "750 ml",
          "condition": "Věkové omezení"
        }
      ],
      "description": null
    },
    {
      "name": "Albert Excellent Danish Blue 50%",
      "brand": "Albert Excellent",
      "product_url": "https://wolt.com/cs/cze/prague/venue/albert-vinohradska/albert-excellent-danish-blue-50-itemid-64ca0b7cba162577de489b8b",
      "image_url": "https://imageproxy.wolt.com/menu/menu-images/63ad795db242366d1f818f36/3a2fd862-9796-11ef-916b-c6b639db8088_26120188.jpg",
      "categories": [
        "MLÉČNÉ A CHLAZENÉ",
        "SÝRY"
      ],
      "prices": [
        {
          "store_name": "Albert",
          "price": 94.81,
          "original_price": null,
          "unit_price": null,
          "unit": null,
          "package_size": null,
          "condition": "Vyprodáno"
        }
      ],
      "description": null
    },
    {
      "name": "Hami Mléko od uk. 24. měsíce",
      "brand": "Hami",
      "product_url": "https://wolt.com/cs/cze/prague/venue/albert-vinohradska/hami-mleko-od-uk-24-mesice-itemid-64ca0b7cba162577de48a1b9",
      "image_url": "https://imageproxy.wolt.com/menu/menu-images/64ffec4406cca0140dfab831/77b685b8-8eba-11ee-bb21-fe2992cf6bd0_26631974.jpg",
      "categories": [
        "DÍTĚ",
        "VÝŽIVA"
      ],
      "prices": [
        {
          "store_name": "Albert",
          "price": 199.0,
          "original_price": null,
          "unit_price": 331.67,
          "unit": "Kg",
          "package_size": "600 g",
          "condition": null
        }
      ],
      "description": null
    },
    {
      "name": "Albert Šunka výběrová dušená",
      "brand": "Albert",
      "product_url": "https://wolt.com/cs/cze/prague/venue/albert-vinohradska/albert-sunka-vyberova-dusena-itemid-657233256818b938df94781d",
      "image_url": "https://imageproxy.wolt.com/menu/menu-images/64ffec4406cca0140dfab831/b2912772-8ebc-11ee-8eb6-9ec5d8563a7d_26863115.jpg",
      "categories": [
        "UZENINY A LAHŮDKY",
        "ŠUNKY A SLANINY"
      ],
      "prices": [
        {
          "store_name": "Albert",
          "price": 42.9,
          "original_price": null,
          "unit_price": 214.5,
          "unit": "Kg",
          "package_size": "200 g",
          "condition": null
        }
      ],
      "description": null
    },
    {
      "name": "Donut s čokoládovou náplní",
      "brand": "Donut",
      "product_url": "https://wolt.com/cs/cze/prague/venue/albert-vinohradska/donut-s-cokoladovou-naplni-itemid-657233256818b938df94783c",
      "image_url": "https://imageproxy.wolt.com/menu/menu-images/64ffec4406cca0140dfab831/0ba63ab2-8ec4-11ee-97c0-f6a0c6fd1153_27442357.jpg",
      "categories": [
        "PEKÁRNA A CUKRÁRNA",
        "SLADKÉ PEČIVO VOLNÉ"
      ],
      "prices": [
        {
          "store_name": "Albert",
          "price": 16.9,
          "original_price": null,
          "unit_price": 238.03,
          "unit": "Kg",
          "package_size": "71 g",
          "condition": null
        }
      ],
      "description": null
    },
    {
      "name": "Albert Žampiony bílé čerstvé, celé",
      "brand": "Albert",
      "product_url": "https://wolt.com/cs/cze/prague/venue/albert-vinohradska/albert-zampiony-bile-cerstve-cele-itemid-64ca0b7cba162577de48861f",
      "image_url": "https://imageproxy.wolt.com/menu/menu-images/64ffec4406cca0140dfab831/d293739a-8ead-11ee-8583-ce88839a7433_21334474.jpg",
      "categories": [
        "OVOCE A ZELENINA",
        "HOUBY"
      ],
      "prices": [
        {
          "store_name": "Albert",
          "price": 37.9,
          "original_price": null,
          "unit_price": 151.6,
          "unit": "Kg",
          "package_size": "250 g",
          "condition": null
        }
      ],
      "description": null
    },
    {
      "name": "Albert Proteinový koktejl pistáciový",
      "brand": "Albert",
      "product_url": "https://wolt.com/cs/cze/prague/venue/albert-vinohradska/albert-proteinovy-koktejl-pistaciovy-itemid-681b5abffcbd67bf7a8f49ff",
      "image_url": "https://imageproxy.wolt.com/menu/menu-images/63ad795db242366d1f818f36/9dc22d72-2b47-11f0-8211-ba04dab492bf_27937501.jpg",
      "categories": [
        "MLÉČNÉ A CHLAZENÉ",
        "MLÉČNÉ NÁPOJE"
      ],
      "prices": [
        {
          "store_name": "Albert",
          "price": null,
          "original_price": null,
          "unit_price": 463.33,
          "unit": "Kg",
          "package_size": "30 g",
          "condition": "Sleva"
        }
      ],
      "description": null
    },
    {
      "name": "Discreet Multiform Intimky parfemované",
      "brand": "Discreet",
      "product_url": "https://wolt.com/cs/cze/prague/venue/albert-vinohradska/discreet-multiform-intimky-parfemovane-itemid-64ca0b7cba162577de488eb7",
      "image_url": "https://imageproxy.wolt.com/menu/menu-images/64ffec4406cca0140dfab831/63dafc34-8eb2-11ee-8ab2-166df9adf1b7_24727945.jpg",
      "categories": [
        "DROGERIE A KOSMETIKA",
        "DÁMSKÉ HYG. POTŘEBY"
      ],
      "prices": [
        {
          "store_name": "Albert",
          "price": 119.9,
          "original_price": null,
          "unit_price": 1.2,
          "unit": "ks",
          "package_size": "‪100‬ kusů",
          "condition": null
        }
      ],
      "description": null
    },
    {
      "name": "Albert Makovka bez lepku",
      "brand": "Albert",
      "product_url": "https://wolt.com/cs/cze/prague/venue/albert-vinohradska/albert-makovka-bez-lepku-itemid-681b5abffcbd67bf7a8f4a74",
      "image_url": "https://imageproxy.wolt.com/menu/menu-images/63ad795db242366d1f818f36/d4740570-2b47-11f0-8fe3-9e278bf1636b_27971345.jpg",
      "categories": [
        "PEKÁRNA A CUKRÁRNA",
        "BEZLEPKOVÉ PEČIVO"
      ],
      "prices": [
        {
          "store_name": "Albert",
          "price": null,
          "original_price": null,
          "unit_price": 230.63,
          "unit": "Kg",
          "package_size": "160 g",
          "condition": "Sleva"
        }
      ],
      "description": null
    },
    {
      "name": "Česká chuť Vlašský salát",
      "brand": "Česká chuť",
      "product_url": "https://wolt.com/cs/cze/prague/venue/albert-vinohradska/ceska-chut-vlassky-salat-itemid-64ca0b7cba162577de488225",
      "image_url": "https://imageproxy.wolt.com/menu/menu-images/63ad795db242366d1f818f36/eff2ee64-4804-11ef-9b57-225c9ef8cbb1_26830582.jpg",
      "categories": [
        "UZENINY A LAHŮDKY",
        "SALÁTY A POMAZÁNKY"
      ],
      "prices": [
        {
          "store_name": "Albert",
          "price": 22.9,
          "original_price": null,
          "unit_price": 152.67,
          "unit": "Kg",
          "package_size": "150 g",
          "condition": null
        }
      ],
      "description": null
    },
    {
      "name": "Coca-Cola",
      "brand": "Coca-Cola",
      "product_url": "https://wolt.com/cs/cze/prague/venue/albert-vinohradska/coca-cola-itemid-64ca0b7cba162577de489633",
      "image_url": "https://imageproxy.wolt.com/menu/menu-images/63ad795db242366d1f818f36/b004a7e0-ed43-11ef-ad17-5a91ca063e38_20403935.jpg",
      "categories": [
        "NÁPOJE",
        "LIMONÁDY"
      ],
      "prices": [
        {
          "store_name": "Albert",
          "price": 24.9,
          "original_price": null,
          "unit_price": 75.45,
          "unit": "l",
          "package_size": "330 ml",
          "condition": null
        }
      ],
      "description": null
    },
    {
      "name": "Vitana Knedlíky s burizony",
      "brand": "Vitana",
      "product_url": "https://wolt.com/cs/cze/prague/venue/albert-vinohradska/vitana-knedliky-s-burizony-itemid-64ca0b7cba162577de489bae",
      "image_url": "https://imageproxy.wolt.com/menu/menu-images/64ffec4406cca0140dfab831/633ec19e-8eac-11ee-8d96-fe16b6783abc_20304300.jpg",
      "categories": [
        "TRVANLIVÉ",
        "PEČENÍ A VAŘENÍ"
      ],
      "prices": [
        {
          "store_name": "Albert",
          "price": 49.9,
          "original_price": null,
          "unit_price": 124.75,
          "unit": "Kg",
          "package_size": "400 g",
          "condition": null
        }
      ],
      "description": null
    },
    {
      "name": "Madeta Sýr na pánev se šunkou nejvyšší jakosti",
      "brand": "Madeta",
      "product_url": "https://wolt.com/cs/cze/prague/venue/albert-vinohradska/madeta-syr-na-panev-se-sunkou-nejvyssi-jakosti-itemid-64ca0b7cba162577de489918",
      "image_url": "https://imageproxy.wolt.com/menu/menu-images/64ffec4406cca0140dfab831/23121f86-8ec4-11ee-8792-3a9a41c1cb36_27449080.jpg",
      "categories": [
        "MLÉČNÉ A CHLAZENÉ",
        "SÝRY"
      ],
      "prices": [
        {
          "store_name": "Albert",
          "price": 39.9,
          "original_price": null,
          "unit_price": 399.0,
          "unit": "Kg",
          "package_size": "100 g",
          "condition": null
        }
      ],
      "description": null
    },
    {
      "name": "Jacobs Lungo kapsle",
      "brand": "Jacobs",
      "product_url": "https://wolt.com/cs/cze/prague/venue/albert-vinohradska/jacobs-lungo-kapsle-itemid-6601faf8af091defec9ef4e6",
      "image_url": "https://imageproxy.wolt.com/menu/menu-images/6601c613e48d1c8d95333085/b48ac91e-eae4-11ee-990b-c2919b5ee551_27655887.jpg",
      "categories": [
        "NÁPOJE",
        "KÁVA A ČAJ"
      ],
      "prices": [
        {
          "store_name": "Albert",
          "price": 159.0,
          "original_price": null,
          "unit_price": 7.95,
          "unit": "ks",
          "package_size": "‪20‬ kusů",
          "condition": null
        }
      ],
      "description": null
    },
    {
      "name": "7Days Croissant náplň vanilka a višeň",
      "brand": "7Days",
      "product_url": "https://wolt.com/cs/cze/prague/venue/albert-vinohradska/7days-croissant-napln-vanilka-a-visen-itemid-6601f342a51566a88b0ab7d8",
      "image_url": "https://imageproxy.wolt.com/menu/menu-images/6601c613e48d1c8d95333085/7aa21c38-eae5-11ee-8097-063f1831dce3_27843956.jpg",
      "categories": [
        "PEKÁRNA A CUKRÁRNA",
        "SLADKÉ PEČIVO BALENÉ"
      ],
      "prices": [
        {
          "store_name": "Albert",
          "price": 23.9,
          "original_price": null,
          "unit_price": 298.75,
          "unit": "Kg",
          "package_size": "80 g",
          "condition": null
        }
      ],
      "description": null
    },
    {
      "name": "Liptov Hravé Guľôčky uzené",
      "brand": "Liptov",
      "product_url": "https://wolt.com/cs/cze/prague/venue/albert-vinohradska/liptov-hrave-gulocky-uzene-itemid-64ca0b7cba162577de4894d4",
      "image_url": "https://imageproxy.wolt.com/menu/menu-images/64ffec4406cca0140dfab831/a262a628-8eb7-11ee-aba3-fe2992cf6bd0_25975864.jpg",
      "categories": [
        "MLÉČNÉ A CHLAZENÉ",
        "SÝRY"
      ],
      "prices": [
        {
          "store_name": "Albert",
          "price": 54.9,
          "original_price": null,
          "unit_price": 571.88,
          "unit": "Kg",
          "package_size": "96 g",
          "condition": null
        }
      ],
      "description": null
    },
    {
      "name": "Rybí trh Krevety vařené, loupané",
      "brand": "Rybí",
      "product_url": "https://wolt.com/cs/cze/prague/venue/albert-vinohradska/rybi-trh-krevety-varene-loupane-itemid-657233256818b938df948919",
      "image_url": "https://imageproxy.wolt.com/menu/menu-images/63ad795db242366d1f818f36/50396b72-1c04-11ef-a4a2-f6de628a1ebb_27447109.jpg",
      "categories": [
        "MASO A RYBY",
        "RYBY"
      ],
      "prices": [
        {
          "store_name": "Albert",
          "price": 189.0,
          "original_price": null,
          "unit_price": 630.0,
          "unit": "Kg",
          "package_size": "300 g",
          "condition": null
        }
      ],
      "description": null
    },
    {
      "name": "Figaro Mléčná čokoláda",
      "brand": "Figaro",
      "product_url": "https://wolt.com/cs/cze/prague/venue/albert-vinohradska/figaro-mlecna-cokolada-itemid-66021f4d7a956136425f3b88",
      "image_url": "https://imageproxy.wolt.com/menu/menu-images/6601c613e48d1c8d95333085/846cae84-eae2-11ee-93c9-667d50b09927_24695626.jpg",
      "categories": [
        "TRVANLIVÉ",
        "SLADKOSTI"
      ],
      "prices": [
        {
          "store_name": "Albert",
          "price": 49.9,
          "original_price": null,
          "unit_price": 623.75,
          "unit": "Kg",
          "package_size": "80 g",
          "condition": null
        }
      ],
      "description": null
    },
    {
      "name": "Franz Josef Kaiser Tuňák ve slun. oleji s citrónem",
      "brand": "Franz Josef Kaiser",
      "product_url": "https://wolt.com/cs/cze/prague/venue/albert-vinohradska/franz-josef-kaiser-tunak-ve-slun-oleji-s-citronem-itemid-657233256818b938df947a41",
      "image_url": "https://imageproxy.wolt.com/menu/menu-images/64ffec4406cca0140dfab831/9e66567c-8ebd-11ee-9cd6-fe8631c3d5e9_26955162.jpg",
      "categories": [
        "TRVANLIVÉ",
        "KONZERVOVANÉ POTR."
      ],
      "prices": [
        {
          "store_name": "Albert",
          "price": 29.9,
          "original_price": null,
          "unit_price": 575.0,
          "unit": "Kg",
          "package_size": "52 g",
          "condition": null
        }
      ],
      "description": null
    },
    {
      "name": "Vitana Zázvor mletý",
      "brand": "Vitana",
      "product_url": "https://wolt.com/cs/cze/prague/venue/albert-vinohradska/vitana-zazvor-mlety-itemid-64ca0b7cba162577de488fce",
      "image_url": "https://imageproxy.wolt.com/menu/menu-images/64ffec4406cca0140dfab831/d8723c94-8eba-11ee-a2b5-224a9e8cb6c6_26685250.jpg",
      "categories": [
        "TRVANLIVÉ",
        "KOŘENÍ A OCHUCOVADLA"
      ],
      "prices": [
        {
          "store_name": "Albert",
          "price": 32.9,
          "original_price": null,
          "unit_price": 1827.78,
          "unit": "Kg",
          "package_size": "18 g",
          "condition": null
        }
      ],
      "description": null
    },
    {
      "name": "Vepy Placky kukuřičné",
      "brand": "Vepy",
      "product_url": "https://wolt.com/cs/cze/prague/venue/albert-vinohradska/vepy-placky-kukuricne-itemid-64ca0b7cba162577de489830",
      "image_url": "https://imageproxy.wolt.com/menu/menu-images/64ffec4406cca0140dfab831/26b8d03a-8eba-11ee-8977-f676b94e1855_26579221.jpg",
      "categories": [
        "PEKÁRNA A CUKRÁRNA",
        "RACIO A KNÄCKEBROT"
      ],
      "prices": [
        {
          "store_name": "Albert",
          "price": 34.9,
          "original_price": null,
          "unit_price": 349.0,
          "unit": "Kg",
          "package_size": "100 g",
          "condition": null
        }
      ],
      "description": null
    },
    {
      "name": "Kiwi",
      "brand": "Kiwi",
      "product_url": "https://wolt.com/cs/cze/prague/venue/albert-vinohradska/kiwi-itemid-64ca0b7cba162577de489dba",
      "image_url": "https://imageproxy.wolt.com/menu/menu-images/64ffec4406cca0140dfab831/f5f05980-8eac-11ee-aae7-06dbe2f769e5_20443382.jpg",
      "categories": [
        "OVOCE A ZELENINA",
        "OVOCE"
      ],
      "prices": [
        {
          "store_name": "Albert",
          "price": null,
          "original_price": null,
          "unit_price": 6.9,
          "unit": "ks",
          "package_size": "‪1‬ kus",
          "condition": "Sleva"
        }
      ],
      "description": null
    },
    {
      "name": "Omega 100% rostlinný tuk",
      "brand": "Omega",
      "product_url": "https://wolt.com/cs/cze/prague/venue/albert-vinohradska/omega-100-rostlinny-tuk-itemid-64ca0b7cba162577de489962",
      "image_url": "https://imageproxy.wolt.com/menu/menu-images/64ffec4406cca0140dfab831/31e4ff1e-8eac-11ee-829f-2e6db99b5925_20297756.jpg",
      "categories": [
        "MLÉČNÉ A CHLAZENÉ",
        "MÁSLO A TUKY"
      ],
      "prices": [
        {
          "store_name": "Albert",
          "price": 59.9,
          "original_price": null,
          "unit_price": 239.6,
          "unit": "Kg",
          "package_size": "250 g",
          "condition": null
        }
      ],
      "description": null
    },
    {
      "name": "World´s Market Olivový olej extra panenský",
      "brand": "World´s Market",
      "product_url": "https://wolt.com/cs/cze/prague/venue/albert-vinohradska/worlds-market-olivovy-olej-extra-panensky-itemid-64ca0b7cba162577de488735",
      "image_url": "https://imageproxy.wolt.com/menu/menu-images/63ad795db242366d1f818f36/862ba940-bbe4-11ef-8890-1a716a7cd6f8_24772600.jpg",
      "categories": [
        "TRVANLIVÉ",
        "OLEJE A OCTY"
      ],
      "prices": [
        {
          "store_name": "Albert",
          "price": 179.0,
          "original_price": null,
          "unit_price": 358.0,
          "unit": "l",
          "package_size": "500 ml",
          "condition": null
        }
      ],
      "description": null
    },
    {
      "name": "Cassonade Cukr třtinový přírodní",
      "brand": "Cassonade",
      "product_url": "https://wolt.com/cs/cze/prague/venue/albert-vinohradska/cassonade-cukr-trtinovy-prirodni-itemid-64ca0b7cba162577de489fbf",
      "image_url": "https://imageproxy.wolt.com/menu/menu-images/63ad795db242366d1f818f36/55572f2e-bbe4-11ef-947f-125d263866a2_26754079.jpg",
      "categories": [
        "TRVANLIVÉ",
        "PEČENÍ A VAŘENÍ"
      ],
      "prices": [
        {
          "store_name": "Albert",
          "price": 43.9,
          "original_price": null,
          "unit_price": 87.8,
          "unit": "Kg",
          "package_size": "500 g",
          "condition": null
        }
      ],
      "description": null
    },
    {
      "name": "Pražská Jemná 30%",
      "brand": "Pražská",
      "product_url": "https://wolt.com/cs/cze/prague/venue/albert-vinohradska/prazska-jemna-30-itemid-64ca0b7cba162577de488951",
      "image_url": "https://imageproxy.wolt.com/menu/menu-images/64ffec4406cca0140dfab831/185c5314-8ec3-11ee-9644-a6924885d1bf_27350577.jpg",
      "categories": [
        "NÁPOJE",
        "LIHOVINY"
      ],
      "prices": [
        {
          "store_name": "Albert",
          "price": 159.0,
          "original_price": null,
          "unit_price": 318.0,
          "unit": "l",
          "package_size": "500 ml, 30% alc",
          "condition": "18+"
        }
      ],
      "description": null
    },
    {
      "name": "Amia Krém na ruce s propolisem",
      "brand": "Amia",
      "product_url": "https://wolt.com/cs/cze/prague/venue/albert-vinohradska/amia-krem-na-ruce-s-propolisem-itemid-64ca0b7cba162577de489f10",
      "image_url": "https://imageproxy.wolt.com/menu/menu-images/64ffec4406cca0140dfab831/ef70d0ec-8eb3-11ee-805d-ca3c3355ab39_25207354.jpg",
      "categories": [
        "DROGERIE A KOSMETIKA",
        "PÉČE O PLEŤ"
      ],
      "prices": [
        {
          "store_name": "Albert",
          "price": 26.9,
          "original_price": null,
          "unit_price": 269.0,
          "unit": "l",
          "package_size": "100 ml",
          "condition": null
        }
      ],
      "description": null
    },
    {
      "name": "World's Market Tortilly pšeničné",
      "brand": "World's Market",
      "product_url": "https://wolt.com/cs/cze/prague/venue/albert-vinohradska/world-s-market-tortilly-psenicne-itemid-651c8747dcab272f0fa39d4c",
      "image_url": "https://imageproxy.wolt.com/menu/menu-images/64ffec4406cca0140dfab831/e30c288e-8f48-11ee-91b3-86a6ff3bd001_27758854.jpg",
      "categories": [
        "PEKÁRNA A CUKRÁRNA",
        "SLANÉ PEČIVO BALENÉ"
      ],
      "prices": [
        {
          "store_name": "Albert",
          "price": 39.9,
          "original_price": null,
          "unit_price": 124.69,
          "unit": "Kg",
          "package_size": "320 g",
          "condition": null
        }
      ],
      "description": null
    },
    {
      "name": "Radise Prosecco Spumante Extra Dry",
      "brand": "Radise",
      "product_url": "https://wolt.com/cs/cze/prague/venue/albert-vinohradska/radise-prosecco-spumante-extra-dry-itemid-657233256818b938df9478a4",
      "image_url": "https://imageproxy.wolt.com/menu/menu-images/64ffec4406cca0140dfab831/da0e150a-8ec4-11ee-a47e-46b0bb5ce808_27499085.jpg",
      "categories": [
        "NÁPOJE",
        "VÍNA"
      ],
      "prices": [
        {
          "store_name": "Albert",
          "price": 329.0,
          "original_price": null,
          "unit_price": 438.67,
          "unit": "l",
          "package_size": "750 ml, 12% alc",
          "condition": "18+"
        }
      ],
      "description": null
    },
    {
      "name": "Orion Kaštany s příchutí pistácie",
      "brand": "Orion",
      "product_url": "https://wolt.com/cs/cze/prague/venue/albert-vinohradska/orion-kastany-s-prichuti-pistacie-itemid-6601ec4522b682f831cdbd9b",
      "image_url": "https://imageproxy.wolt.com/menu/menu-images/6601c613e48d1c8d95333085/9bee44e4-eae4-11ee-8777-121690ac152c_27635285.jpg",
      "categories": [
        "TRVANLIVÉ",
        "SLADKOSTI"
      ],
      "prices": [
        {
          "store_name": "Albert",
          "price": 26.9,
          "original_price": null,
          "unit_price": 597.78,
          "unit": "Kg",
          "package_size": "45 g",
          "condition": null
        }
      ],
      "description": null
    },
    {
      "name": "Croissant s náplní kakaovou",
      "brand": null,
      "product_url": "https://wolt.com/cs/cze/prague/venue/albert-vinohradska/croissant-s-naplni-kakaovou-itemid-6601e9b32496defd3eff1b19",
      "image_url": "https://imageproxy.wolt.com/menu/menu-images/6601c613e48d1c8d95333085/649a6d82-eae5-11ee-a063-0279839fcf9e_27837221.jpg",
      "categories": [
        "PEKÁRNA A CUKRÁRNA",
        "SLADKÉ PEČIVO BALENÉ"
      ],
      "prices": [
        {
          "store_name": "Albert",
          "price": 16.9,
          "original_price": null,
          "unit_price": 241.43,
          "unit": "Kg",
          "package_size": "70 g",
          "condition": null
        }
      ],
      "description": null
    },
    {
      "name": "Franz Josef Kaiser Boloňská omáčka",
      "brand": "Franz Josef Kaiser",
      "product_url": "https://wolt.com/cs/cze/prague/venue/albert-vinohradska/franz-josef-kaiser-bolonska-omacka-itemid-64ca0b7cba162577de489042",
      "image_url": "https://imageproxy.wolt.com/menu/menu-images/63ad795db242366d1f818f36/e4248c7c-f8ef-11ef-b8af-626de79449d2_26581842.jpg",
      "categories": [
        "TRVANLIVÉ",
        "KEČUPY A HOŘČICE"
      ],
      "prices": [
        {
          "store_name": "Albert",
          "price": 73.9,
          "original_price": null,
          "unit_price": 199.73,
          "unit": "l",
          "package_size": "370 ml",
          "condition": null
        }
      ],
      "description": null
    },
    {
      "name": "Emma Ovesné vločky celozrnné",
      "brand": "Emma",
      "product_url": "https://wolt.com/cs/cze/prague/venue/albert-vinohradska/emma-ovesne-vlocky-celozrnne-itemid-64ca0b7cba162577de4880ff",
      "image_url": "https://imageproxy.wolt.com/menu/menu-images/64ffec4406cca0140dfab831/dab6158c-8f48-11ee-8b94-8aec3f701e27_24821506.jpg",
      "categories": [
        "TRVANLIVÉ",
        "MÜSLI A CEREÁLIE"
      ],
      "prices": [
        {
          "store_name": "Albert",
          "price": 19.9,
          "original_price": null,
          "unit_price": 39.8,
          "unit": "Kg",
          "package_size": "500 g",
          "condition": null
        }
      ],
      "description": null
    },
    {
      "name": "Ahmad Tea Earl Grey Černý čaj porcovaný",
      "brand": "Ahmad",
      "product_url": "https://wolt.com/cs/cze/prague/venue/albert-vinohradska/ahmad-tea-earl-grey-cerny-caj-porcovany-itemid-64ca0b7cba162577de489a74",
      "image_url": "https://imageproxy.wolt.com/menu/menu-images/64ffec4406cca0140dfab831/98ed98b2-8eaf-11ee-b61d-2a31a2186d9b_23410275.jpg",
      "categories": [
        "NÁPOJE",
        "KÁVA A ČAJ"
      ],
      "prices": [
        {
          "store_name": "Albert",
          "price": 194.0,
          "original_price": null,
          "unit_price": 970.0,
          "unit": "Kg",
          "package_size": "200 g",
          "condition": null
        }
      ],
      "description": null
    },
    {
      "name": "Felix Fantastic Junior multipack různé druhy",
      "brand": "Felix",
      "product_url": "https://wolt.com/cs/cze/prague/venue/albert-vinohradska/felix-fantastic-junior-multipack-ruzne-druhy-itemid-66020872f9a777676f62e3c3",
      "image_url": "https://imageproxy.wolt.com/menu/menu-images/6601c613e48d1c8d95333085/6dfc966c-eae4-11ee-9b41-121690ac152c_27578285.jpg",
      "categories": [
        "ZVÍŘATA",
        "KOČKY"
      ],
      "prices": [
        {
          "store_name": "Albert",
          "price": 129.9,
          "original_price": null,
          "unit_price": 127.35,
          "unit": "Kg",
          "package_size": "1,02 kg",
          "condition": null
        }
      ],
      "description": null
    },
    {
      "name": "Bohemia Chips paprikové",
      "brand": "Bohemia",
      "product_url": "https://wolt.com/cs/cze/prague/venue/albert-vinohradska/bohemia-chips-paprikove-itemid-64ca0b7cba162577de489438",
      "image_url": "https://imageproxy.wolt.com/menu/menu-images/64ffec4406cca0140dfab831/3daf8e9e-8ec1-11ee-89d7-52a4ddf1765f_27228050.jpg",
      "categories": [
        "TRVANLIVÉ",
        "SLANÉ"
      ],
      "prices": [
        {
          "store_name": "Albert",
          "price": 59.9,
          "original_price": null,
          "unit_price": 460.77,
          "unit": "Kg",
          "package_size": "130 g",
          "condition": null
        }
      ],
      "description": null
    },
    {
      "name": "Braník Dvoulitr světlý výčepní",
      "brand": "Braník",
      "product_url": "https://wolt.com/cs/cze/prague/venue/albert-vinohradska/branik-dvoulitr-svetly-vycepni-itemid-64ca0b7cba162577de4894b5",
      "image_url": "https://imageproxy.wolt.com/menu/menu-images/63ad795db242366d1f818f36/030a3786-a8ea-11f0-a1f9-1eea56c4be20_25081183.jpg",
      "categories": [
        "NÁPOJE",
        "PIVA"
      ],
      "prices": [
        {
          "store_name": "Albert",
          "price": 57.9,
          "original_price": null,
          "unit_price": 28.95,
          "unit": "l",
          "package_size": "2 l, 4,1% alc",
          "condition": "18+"
        }
      ],
      "description": null
    },
    {
      "name": "R. Jelínek Moravská švestka 38%",
      "brand": "R",
      "product_url": "https://wolt.com/cs/cze/prague/venue/albert-vinohradska/r-jelinek-moravska-svestka-38-itemid-64ca0b7cba162577de488c89",
      "image_url": "https://imageproxy.wolt.com/menu/menu-images/64ffec4406cca0140dfab831/4cca834a-8ebf-11ee-95ef-362baa77ef89_27106815.jpg",
      "categories": [
        "NÁPOJE",
        "LIHOVINY"
      ],
      "prices": [
        {
          "store_name": "Albert",
          "price": 229.0,
          "original_price": null,
          "unit_price": 458.0,
          "unit": "l",
          "package_size": "500 ml, 38% alc",
          "condition": "18+"
        }
      ],
      "description": null
    },
    {
      "name": "Albert Čerstvá šťáva mandarinka",
      "brand": "Albert",
      "product_url": "https://wolt.com/cs/cze/prague/venue/albert-vinohradska/albert-cerstva-stava-mandarinka-itemid-64ca0b7cba162577de488997",
      "image_url": "https://imageproxy.wolt.com/menu/menu-images/64ffec4406cca0140dfab831/c7118af8-8ec0-11ee-8ae2-0ece4ee3fc04_27195116.jpg",
      "categories": [
        "NÁPOJE",
        "DŽUSY A NEKTARY"
      ],
      "prices": [
        {
          "store_name": "Albert",
          "price": 84.9,
          "original_price": null,
          "unit_price": 113.2,
          "unit": "l",
          "package_size": "750 ml",
          "condition": null
        }
      ],
      "description": null
    },
    {
      "name": "Whiskas Granule kuřecím",
      "brand": "Whiskas",
      "product_url": "https://wolt.com/cs/cze/prague/venue/albert-vinohradska/whiskas-granule-kurecim-itemid-64ca0b7cba162577de489d03",
      "image_url": "https://imageproxy.wolt.com/menu/menu-images/64ffec4406cca0140dfab831/c81e1198-8eaf-11ee-a3a5-1af7753b7a63_23518872.jpg",
      "categories": [
        "ZVÍŘATA",
        "KOČKY"
      ],
      "prices": [
        {
          "store_name": "Albert",
          "price": 109.9,
          "original_price": null,
          "unit_price": 78.5,
          "unit": "Kg",
          "package_size": "1,4 kg",
          "condition": null
        }
      ],
      "description": null
    },
    {
      "name": "Gambrinus Original 10 světlé výčepní multipack",
      "brand": "Gambrinus",
      "product_url": "https://wolt.com/cs/cze/prague/venue/albert-vinohradska/gambrinus-original-10-svetle-vycepni-multipack-itemid-64ca0b7cba162577de488a75",
      "image_url": "https://imageproxy.wolt.com/menu/menu-images/63ad795db242366d1f818f36/4b2951b8-0608-11ef-91a8-0aceb7eef28e_25220346.jpg",
      "categories": [
        "NÁPOJE",
        "PIVA"
      ],
      "prices": [
        {
          "store_name": "Albert",
          "price": 134.9,
          "original_price": null,
          "unit_price": 44.97,
          "unit": "l",
          "package_size": "3 l, 4,3% alc",
          "condition": "18+"
        }
      ],
      "description": null
    },
    {
      "name": "Nature's Promise Bio Kuřecí nugety obalované",
      "brand": "Nature's Promise",
      "product_url": "https://wolt.com/cs/cze/prague/venue/albert-vinohradska/nature-s-promise-bio-kureci-nugety-obalovane-itemid-64ca0b7cba162577de488dcf",
      "image_url": "https://imageproxy.wolt.com/menu/menu-images/64ffec4406cca0140dfab831/e8ae2a46-8ec4-11ee-bca5-2254ad732fe4_27501115.jpg",
      "categories": [
        "MASO A RYBY",
        "DRŮBEŽ"
      ],
      "prices": [
        {
          "store_name": "Albert",
          "price": null,
          "original_price": null,
          "unit_price": 363.18,
          "unit": "Kg",
          "package_size": "220 g",
          "condition": "Sleva, Vyprodáno"
        }
      ],
      "description": null
    },
    {
      "name": "Dekos Kelímek papírový velikost S",
      "brand": "Dekos",
      "product_url": "https://wolt.com/cs/cze/prague/venue/albert-vinohradska/dekos-kelimek-papirovy-velikost-s-itemid-660220239af4b401c8e84df3",
      "image_url": "https://imageproxy.wolt.com/menu/menu-images/6601c613e48d1c8d95333085/df84a8ca-eae3-11ee-b817-0a57c3b26f42_27264416.jpg",
      "categories": [
        "DOMÁCNOST A ZAHRADA",
        "DEKORACE"
      ],
      "prices": [
        {
          "store_name": "Albert",
          "price": 44.9,
          "original_price": null,
          "unit_price": 4.49,
          "unit": "ks",
          "package_size": "‪10‬ kusů",
          "condition": "Vyprodáno"
        }
      ],
      "description": null
    },
    {
      "name": "KitKat Chunky bílý",
      "brand": "KitKat",
      "product_url": "https://wolt.com/cs/cze/prague/venue/albert-vinohradska/kitkat-chunky-bily-itemid-66021b5ba51566a88b0bb188",
      "image_url": "https://imageproxy.wolt.com/menu/menu-images/6601c613e48d1c8d95333085/e7709b6c-eae2-11ee-aaa7-c2c0df7d5c88_25907551.jpg",
      "categories": [
        "TRVANLIVÉ",
        "SLADKOSTI"
      ],
      "prices": [
        {
          "store_name": "Albert",
          "price": 14.9,
          "original_price": null,
          "unit_price": 372.5,
          "unit": "Kg",
          "package_size": "40 g",
          "condition": null
        }
      ],
      "description": null
    },
    {
      "name": "Pe-po Pevný podpalovač",
      "brand": "Pe-po",
      "product_url": "https://wolt.com/cs/cze/prague/venue/albert-vinohradska/pe-po-pevny-podpalovac-itemid-657233256818b938df947a8c",
      "image_url": "https://imageproxy.wolt.com/menu/menu-images/64ffec4406cca0140dfab831/b45bae9c-8ead-11ee-99e5-96c5aea62654_21170881.jpg",
      "categories": [
        "DOMÁCNOST A ZAHRADA",
        "KUCHYŇSKÉ POTŘEBY"
      ],
      "prices": [
        {
          "store_name": "Albert",
          "price": 39.9,
          "original_price": null,
          "unit_price": 1.0,
          "unit": "ks",
          "package_size": "‪40‬ kusů",
          "condition": null
        }
      ],
      "description": null
    },
    {
      "name": "Opavia Zlaté Esíčka sušenky skořicové",
      "brand": "Opavia",
      "product_url": "https://wolt.com/cs/cze/prague/venue/albert-vinohradska/opavia-zlate-esicka-susenky-skoricove-itemid-64ca0b7cba162577de488363",
      "image_url": "https://imageproxy.wolt.com/menu/menu-images/63ad795db242366d1f818f36/1fc2135a-d995-11ef-864d-8e007d5be95f_26981628.jpg",
      "categories": [
        "TRVANLIVÉ",
        "SLADKOSTI"
      ],
      "prices": [
        {
          "store_name": "Albert",
          "price": 34.9,
          "original_price": null,
          "unit_price": 158.64,
          "unit": "Kg",
          "package_size": "220 g",
          "condition": null
        }
      ],
      "description": null
    },
    {
      "name": "Syrovátkový sýr",
      "brand": "Syrovátkový",
      "product_url": "https://wolt.com/cs/cze/prague/venue/albert-vinohradska/syrovatkovy-syr-itemid-657233256818b938df948756",
      "image_url": "https://imageproxy.wolt.com/menu/menu-images/64ffec4406cca0140dfab831/8b20cca4-8ebe-11ee-bc18-a28724a7b713_27035740.jpg",
      "categories": [
        "MLÉČNÉ A CHLAZENÉ",
        "SÝRY"
      ],
      "prices": [
        {
          "store_name": "Albert",
          "price": 49.9,
          "original_price": null,
          "unit_price": 226.82,
          "unit": "Kg",
          "package_size": "220 g",
          "condition": null
        }
      ],
      "description": null
    },
    {
      "name": "Nescafé Dolce Gusto Cappuccino kapsle",
      "brand": "Nescafé",
      "product_url": "https://wolt.com/cs/cze/prague/venue/albert-vinohradska/nescafe-dolce-gusto-cappuccino-kapsle-itemid-64ca0b7cba162577de488a83",
      "image_url": "https://imageproxy.wolt.com/menu/menu-images/63ad795db242366d1f818f36/5f8983e2-8e26-11f0-b25b-c6abf2d6cd16_24543026.jpg",
      "categories": [
        "NÁPOJE",
        "KÁVA A ČAJ"
      ],
      "prices": [
        {
          "store_name": "Albert",
          "price": 149.9,
          "original_price": null,
          "unit_price": 9.37,
          "unit": "ks",
          "package_size": "‪16‬ kusů",
          "condition": null
        }
      ],
      "description": null
    },
    {
      "name": "Efko Celer jemně řezaný",
      "brand": "Efko",
      "product_url": "https://wolt.com/cs/cze/prague/venue/albert-vinohradska/efko-celer-jemne-rezany-itemid-64ca0b7cba162577de488bc1",
      "image_url": "https://imageproxy.wolt.com/menu/menu-images/63ad795db242366d1f818f36/7f3af7c0-9796-11ef-8da6-a6c54ed8f508_24736527.jpg",
      "categories": [
        "TRVANLIVÉ",
        "KONZERVOVANÉ POTR."
      ],
      "prices": [
        {
          "store_name": "Albert",
          "price": 38.9,
          "original_price": null,
          "unit_price": 210.27,
          "unit": "Kg",
          "package_size": "185 g",
          "condition": null
        }
      ],
      "description": null
    },
    {
      "name": "Dr. Oetker Tubičky na zdobení, 4 barvy",
      "brand": "Dr. Oetker",
      "product_url": "https://wolt.com/cs/cze/prague/venue/albert-vinohradska/dr-oetker-tubicky-na-zdobeni-4-barvy-itemid-64ca0b7cba162577de489eb5",
      "image_url": "https://imageproxy.wolt.com/menu/menu-images/63ad795db242366d1f818f36/0146a51a-a8ea-11f0-8256-a25535f2c480_24766104.jpg",
      "categories": [
        "TRVANLIVÉ",
        "PEČENÍ A VAŘENÍ"
      ],
      "prices": [
        {
          "store_name": "Albert",
          "price": 79.9,
          "original_price": null,
          "unit_price": 1051.32,
          "unit": "Kg",
          "package_size": "76 g",
          "condition": null
        }
      ],
      "description": null
    },
    {
      "name": "Hellmann's Majonéza originál",
      "brand": "Hellmann's",
      "product_url": "https://wolt.com/cs/cze/prague/venue/albert-vinohradska/hellmann-s-majoneza-original-itemid-64ca0b7cba162577de489a85",
      "image_url": "https://imageproxy.wolt.com/menu/menu-images/64ffec4406cca0140dfab831/844a4ee0-8ec4-11ee-80d1-12c42007f0a2_27477588.jpg",
      "categories": [
        "MLÉČNÉ A CHLAZENÉ",
        "MAJONÉZY A TATARKY"
      ],
      "prices": [
        {
          "store_name": "Albert",
          "price": 49.9,
          "original_price": null,
          "unit_price": 237.62,
          "unit": "l",
          "package_size": "210 ml",
          "condition": null
        }
      ],
      "description": null
    },
    {
      "name": "Nowaco Krokety",
      "brand": "Nowaco",
      "product_url": "https://wolt.com/cs/cze/prague/venue/albert-vinohradska/nowaco-krokety-itemid-6876153a0c6218e9f3e5f462",
      "image_url": "https://imageproxy.wolt.com/menu/menu-images/64b62ec5e5ab70cdc92e30f0/18f5983c-616f-11f0-95ca-027e7f03eda2_26320991.jpg",
      "categories": [
        "MRAŽENÉ POTRAVINY",
        "HRANOLKY"
      ],
      "prices": [
        {
          "store_name": "Albert",
          "price": 99.9,
          "original_price": null,
          "unit_price": 133.2,
          "unit": "Kg",
          "package_size": "750 g",
          "condition": null
        }
      ],
      "description": null
    },
    {
      "name": "ManaDrink Origin Mark 8",
      "brand": "ManaDrink",
      "product_url": "https://wolt.com/cs/cze/prague/venue/albert-vinohradska/manadrink-origin-mark-8-itemid-657233256818b938df948a3b",
      "image_url": "https://imageproxy.wolt.com/menu/menu-images/64ffec4406cca0140dfab831/6fd893e4-8eca-11ee-9269-2e2fd9c09968_27778302.jpg",
      "categories": [
        "TRVANLIVÉ",
        "SPECIÁLNÍ"
      ],
      "prices": [
        {
          "store_name": "Albert",
          "price": null,
          "original_price": null,
          "unit_price": 199.75,
          "unit": "l",
          "package_size": "400 ml",
          "condition": "Sleva"
        }
      ],
      "description": null
    },
    {
      "name": "Zátkovy vaječné těstoviny Kolínka malá",
      "brand": "Zátkovy",
      "product_url": "https://wolt.com/cs/cze/prague/venue/albert-vinohradska/zatkovy-vajecne-testoviny-kolinka-mala-itemid-64ca0b7cba162577de488319",
      "image_url": "https://imageproxy.wolt.com/menu/menu-images/64ffec4406cca0140dfab831/0d4b67a2-8eb5-11ee-8697-8e381a14ed80_25471502.jpg",
      "categories": [
        "TRVANLIVÉ",
        "TĚSTOVINY A KUSKUS"
      ],
      "prices": [
        {
          "store_name": "Albert",
          "price": 39.9,
          "original_price": null,
          "unit_price": 79.8,
          "unit": "Kg",
          "package_size": "500 g",
          "condition": "Vyprodáno"
        }
      ],
      "description": null
    },
    {
      "name": "Wrigleys Orbit peppermint",
      "brand": "Wrigleys",
      "product_url": "https://wolt.com/cs/cze/prague/venue/albert-vinohradska/wrigleys-orbit-peppermint-itemid-64ca0b7cba162577de489e4c",
      "image_url": "https://imageproxy.wolt.com/menu/menu-images/63ad795db242366d1f818f36/bc8a4abc-f8ef-11ef-b00c-6a8a496b493e_24195010.jpg",
      "categories": [
        "TRVANLIVÉ",
        "SLADKOSTI"
      ],
      "prices": [
        {
          "store_name": "Albert",
          "price": 74.9,
          "original_price": null,
          "unit_price": 1170.31,
          "unit": "Kg",
          "package_size": "64 g",
          "condition": null
        }
      ],
      "description": null
    },
    {
      "name": "Chimpanzee Energy Bar čokoláda a káva",
      "brand": "Chimpanzee",
      "product_url": "https://wolt.com/cs/cze/prague/venue/albert-vinohradska/chimpanzee-energy-bar-cokolada-a-kava-itemid-66020493a43b5f5cdfa49d20",
      "image_url": "https://imageproxy.wolt.com/menu/menu-images/6601c613e48d1c8d95333085/99810ef4-eae3-11ee-b052-0a322dd571ff_27077856.jpg",
      "categories": [
        "TRVANLIVÉ",
        "MÜSLI A CEREÁLIE"
      ],
      "prices": [
        {
          "store_name": "Albert",
          "price": 39.9,
          "original_price": null,
          "unit_price": 725.45,
          "unit": "Kg",
          "package_size": "55 g",
          "condition": null
        }
      ],
      "description": null
    },
    {
      "name": "Nature's Promise Šťáva mango, špenát, chia",
      "brand": "Nature's Promise",
      "product_url": "https://wolt.com/cs/cze/prague/venue/albert-vinohradska/nature-s-promise-stava-mango-spenat-chia-itemid-64ca0b7cba162577de489715",
      "image_url": "https://imageproxy.wolt.com/menu/menu-images/63ad795db242366d1f818f36/1689c81a-bbe4-11ef-8b32-0248ff1bb900_27553350.jpg",
      "categories": [
        "NÁPOJE",
        "DŽUSY A NEKTARY"
      ],
      "prices": [
        {
          "store_name": "Albert",
          "price": 34.9,
          "original_price": null,
          "unit_price": 139.6,
          "unit": "l",
          "package_size": "250 ml",
          "condition": null
        }
      ],
      "description": null
    },
    {
      "name": "World’s Market Tortelloni s mozzarellou a rajčaty",
      "brand": "World’s Market",
      "product_url": "https://wolt.com/cs/cze/prague/venue/albert-vinohradska/world-s-market-tortelloni-s-mozzarellou-a-rajcaty-itemid-6601f7e6f30be3f08e44ad4f",
      "image_url": "https://imageproxy.wolt.com/menu/menu-images/6601c613e48d1c8d95333085/37043d4e-eae5-11ee-b0bd-26602bd55ff2_27815311.jpg",
      "categories": [
        "TRVANLIVÉ",
        "TĚSTOVINY A KUSKUS"
      ],
      "prices": [
        {
          "store_name": "Albert",
          "price": 39.9,
          "original_price": null,
          "unit_price": 159.6,
          "unit": "Kg",
          "package_size": "250 g",
          "condition": null
        }
      ],
      "description": null
    },
    {
      "name": "Cirio Rajčata loupaná pasírovaná",
      "brand": "Cirio",
      "product_url": "https://wolt.com/cs/cze/prague/venue/albert-vinohradska/cirio-rajcata-loupana-pasirovana-itemid-64ca0b7cba162577de4897d2",
      "image_url": "https://imageproxy.wolt.com/menu/menu-images/63ad795db242366d1f818f36/461518fa-4e4d-11ef-bb8c-8294aa31fd6e_25838824.jpg",
      "categories": [
        "TRVANLIVÉ",
        "KONZERVOVANÉ POTR."
      ],
      "prices": [
        {
          "store_name": "Albert",
          "price": 46.9,
          "original_price": null,
          "unit_price": 93.8,
          "unit": "Kg",
          "package_size": "500 g",
          "condition": null
        }
      ],
      "description": null
    },
    {
      "name": "Perla Čaj s pomerančovou příchutí",
      "brand": "Perla",
      "product_url": "https://wolt.com/cs/cze/prague/venue/albert-vinohradska/perla-caj-s-pomerancovou-prichuti-itemid-651c876d95f411546dadeac1",
      "image_url": "https://imageproxy.wolt.com/menu/menu-images/64ffec4406cca0140dfab831/decb1060-8eca-11ee-9d0d-5e576a1679f9_27791158.jpg",
      "categories": [
        "NÁPOJE",
        "KÁVA A ČAJ"
      ],
      "prices": [
        {
          "store_name": "Albert",
          "price": 29.9,
          "original_price": null,
          "unit_price": 747.5,
          "unit": "Kg",
          "package_size": "40 g",
          "condition": null
        }
      ],
      "description": null
    },
    {
      "name": "Rexona Men Cobalt Dry Antiperspirant sprej",
      "brand": "Rexona",
      "product_url": "https://wolt.com/cs/cze/prague/venue/albert-vinohradska/rexona-men-cobalt-dry-antiperspirant-sprej-itemid-64ca0b7cba162577de489e11",
      "image_url": "https://imageproxy.wolt.com/menu/menu-images/64ffec4406cca0140dfab831/e081f5f2-8eae-11ee-8fa5-361f92ce8d2c_22878830.jpg",
      "categories": [
        "DROGERIE A KOSMETIKA",
        "DEODORANTY"
      ],
      "prices": [
        {
          "store_name": "Albert",
          "price": 76.9,
          "original_price": null,
          "unit_price": 512.67,
          "unit": "l",
          "package_size": "150 ml",
          "condition": null
        }
      ],
      "description": null
    },
    {
      "name": "Yum Yum Instantní polévka příchuť kachní",
      "brand": "Yum",
      "product_url": "https://wolt.com/cs/cze/prague/venue/albert-vinohradska/yum-yum-instantni-polevka-prichut-kachni-itemid-657233256818b938df94797f",
      "image_url": "https://imageproxy.wolt.com/menu/menu-images/64ffec4406cca0140dfab831/7ceb68d4-8eae-11ee-99f3-0ad9bf6baf5b_22443960.jpg",
      "categories": [
        "TRVANLIVÉ",
        "INSTANTNÍ POKRMY"
      ],
      "prices": [
        {
          "store_name": "Albert",
          "price": 18.9,
          "original_price": null,
          "unit_price": 315.0,
          "unit": "Kg",
          "package_size": "60 g",
          "condition": null
        }
      ],
      "description": null
    },
    {
      "name": "Nature's Promise Bio Rýžový dezert kakaový",
      "brand": "Nature's Promise",
      "product_url": "https://wolt.com/cs/cze/prague/venue/albert-vinohradska/nature-s-promise-bio-ryzovy-dezert-kakaovy-itemid-64ca0b7cba162577de4892c6",
      "image_url": "https://imageproxy.wolt.com/menu/menu-images/63ad795db242366d1f818f36/086a1d20-0609-11ef-a84a-eafc723502fe_26977515.jpg",
      "categories": [
        "MLÉČNÉ A CHLAZENÉ",
        "ROSTLINNÉ PRODUKTY"
      ],
      "prices": [
        {
          "store_name": "Albert",
          "price": 29.9,
          "original_price": null,
          "unit_price": 199.33,
          "unit": "Kg",
          "package_size": "150 g",
          "condition": null
        }
      ],
      "description": null
    },
    {
      "name": "Tatra Tvaroh polotučný",
      "brand": "Tatra",
      "product_url": "https://wolt.com/cs/cze/prague/venue/albert-vinohradska/tatra-tvaroh-polotucny-itemid-64ca0b7cba162577de4895e1",
      "image_url": "https://imageproxy.wolt.com/menu/menu-images/64ffec4406cca0140dfab831/96442dba-8eb9-11ee-9b4a-be8c16d2d45a_26455228.jpg",
      "categories": [
        "MLÉČNÉ A CHLAZENÉ",
        "TVAROHY"
      ],
      "prices": [
        {
          "store_name": "Albert",
          "price": 31.9,
          "original_price": null,
          "unit_price": 127.6,
          "unit": "Kg",
          "package_size": "250 g",
          "condition": "Vyprodáno"
        }
      ],
      "description": null
    },
    {
      "name": "Gustona Steakové hranolky bramborové",
      "brand": "Gustona",
      "product_url": "https://wolt.com/cs/cze/prague/venue/albert-vinohradska/gustona-steakove-hranolky-bramborove-itemid-6876153a0c6218e9f3e5f48d",
      "image_url": "https://imageproxy.wolt.com/menu/menu-images/64b62ec5e5ab70cdc92e30f0/31d3946c-616f-11f0-88b7-0e6ec821f888_27846896.jpg",
      "categories": [
        "MRAŽENÉ POTRAVINY",
        "HRANOLKY"
      ],
      "prices": [
        {
          "store_name": "Albert",
          "price": 59.9,
          "original_price": null,
          "unit_price": 59.9,
          "unit": "Kg",
          "package_size": "1 kg",
          "condition": null
        }
      ],
      "description": null
    },
    {
      "name": "Teekanne Dýchací cesty a krk se zázvorem",
      "brand": "Teekanne",
      "product_url": "https://wolt.com/cs/cze/prague/venue/albert-vinohradska/teekanne-dychaci-cesty-a-krk-se-zazvorem-itemid-64ca0b7cba162577de4887a3",
      "image_url": "https://imageproxy.wolt.com/menu/menu-images/64ffec4406cca0140dfab831/82766246-8eb7-11ee-89d7-7a4dcb26504b_25942415.jpg",
      "categories": [
        "NÁPOJE",
        "KÁVA A ČAJ"
      ],
      "prices": [
        {
          "store_name": "Albert",
          "price": 47.9,
          "original_price": null,
          "unit_price": 2395.0,
          "unit": "Kg",
          "package_size": "20 g",
          "condition": "Vyprodáno"
        }
      ],
      "description": null
    },
    {
      "name": "Rajec Kojenecká voda",
      "brand": "Rajec",
      "product_url": "https://wolt.com/cs/cze/prague/venue/albert-vinohradska/rajec-kojenecka-voda-itemid-64ca0b7cba162577de489201",
      "image_url": "https://imageproxy.wolt.com/menu/menu-images/64ffec4406cca0140dfab831/0a90b3c8-8eb5-11ee-8650-96b10ce163de_25469493.jpg",
      "categories": [
        "NÁPOJE",
        "VODY A MINERÁLKY"
      ],
      "prices": [
        {
          "store_name": "Albert",
          "price": 14.9,
          "original_price": null,
          "unit_price": 9.93,
          "unit": "l",
          "package_size": "1,5 l",
          "condition": null
        }
      ],
      "description": null
    },
    {
      "name": "Albert 100% pomeranč s dužinou",
      "brand": "Albert",
      "product_url": "https://wolt.com/cs/cze/prague/venue/albert-vinohradska/albert-100-pomeranc-s-duzinou-itemid-64ca0b7cba162577de488601",
      "image_url": "https://imageproxy.wolt.com/menu/menu-images/64ffec4406cca0140dfab831/cd4bbd58-8ec0-11ee-87d7-6e71a63f1558_27198131.jpg",
      "categories": [
        "NÁPOJE",
        "DŽUSY A NEKTARY"
      ],
      "prices": [
        {
          "store_name": "Albert",
          "price": 139.9,
          "original_price": null,
          "unit_price": 69.95,
          "unit": "l",
          "package_size": "2 l",
          "condition": null
        }
      ],
      "description": null
    },
    {
      "name": "Bacardi Blanca Superior 37,50%",
      "brand": "Bacardi",
      "product_url": "https://wolt.com/cs/cze/prague/venue/albert-vinohradska/bacardi-blanca-superior-37-50-itemid-64ca0b7cba162577de489ec9",
      "image_url": "https://imageproxy.wolt.com/menu/menu-images/64ffec4406cca0140dfab831/cdfa1c44-8ead-11ee-9e71-9efff91d0ab5_21265662.jpg",
      "categories": [
        "NÁPOJE",
        "LIHOVINY"
      ],
      "prices": [
        {
          "store_name": "Albert",
          "price": 519.0,
          "original_price": null,
          "unit_price": 741.43,
          "unit": "l",
          "package_size": "700 ml, 37,5% alc",
          "condition": "18+"
        }
      ],
      "description": null
    },
    {
      "name": "Strongbow Apple Cider Red Berries",
      "brand": "Strongbow",
      "product_url": "https://wolt.com/cs/cze/prague/venue/albert-vinohradska/strongbow-apple-cider-red-berries-itemid-64ca0b7cba162577de488b71",
      "image_url": "https://imageproxy.wolt.com/menu/menu-images/64ffec4406cca0140dfab831/a8398d7c-8ebd-11ee-8e10-0ada12279bd6_26957289.jpg",
      "categories": [
        "NÁPOJE",
        "CIDERY"
      ],
      "prices": [
        {
          "store_name": "Albert",
          "price": 19.9,
          "original_price": null,
          "unit_price": 45.23,
          "unit": "l",
          "package_size": "440 ml, 4,5% alc",
          "condition": "18+"
        }
      ],
      "description": null
    },
    {
      "name": "Franz Josef Kaiser Olivy plněné paprikovou pastou",
      "brand": "Franz Josef Kaiser",
      "product_url": "https://wolt.com/cs/cze/prague/venue/albert-vinohradska/franz-josef-kaiser-olivy-plnene-paprikovou-pastou-itemid-64ca0b7cba162577de489f5a",
      "image_url": "https://imageproxy.wolt.com/menu/menu-images/63ad795db242366d1f818f36/6ae30392-f0d1-11ee-b762-668c22d8174e_25078084.jpg",
      "categories": [
        "TRVANLIVÉ",
        "KONZERVOVANÉ POTR."
      ],
      "prices": [
        {
          "store_name": "Albert",
          "price": 54.9,
          "original_price": null,
          "unit_price": 422.31,
          "unit": "Kg",
          "package_size": "130 g",
          "condition": null
        }
      ],
      "description": null
    },
    {
      "name": "Nivea Creme Aloe Dámský sprchový gel",
      "brand": "Nivea",
      "product_url": "https://wolt.com/cs/cze/prague/venue/albert-vinohradska/nivea-creme-aloe-damsky-sprchovy-gel-itemid-6601e0ea3f79cd7d63a3c803",
      "image_url": "https://imageproxy.wolt.com/menu/menu-images/6601c613e48d1c8d95333085/018bddf2-eae5-11ee-9d58-c6ec51218b94_27753941.jpg",
      "categories": [
        "DROGERIE A KOSMETIKA",
        "MÝDLA A GELY"
      ],
      "prices": [
        {
          "store_name": "Albert",
          "price": 153.0,
          "original_price": null,
          "unit_price": 204.0,
          "unit": "l",
          "package_size": "750 ml",
          "condition": null
        }
      ],
      "description": null
    },
    {
      "name": "Nature's Promise Bio Baby Rizoto",
      "brand": "Nature's Promise",
      "product_url": "https://wolt.com/cs/cze/prague/venue/albert-vinohradska/nature-s-promise-bio-baby-rizoto-itemid-64ca0b7cba162577de488d73",
      "image_url": "https://imageproxy.wolt.com/menu/menu-images/64ffec4406cca0140dfab831/70528b24-8ebe-11ee-a4ea-723b124ceb50_27029633.jpg",
      "categories": [
        "DÍTĚ",
        "VÝŽIVA"
      ],
      "prices": [
        {
          "store_name": "Albert",
          "price": 24.9,
          "original_price": null,
          "unit_price": 131.05,
          "unit": "Kg",
          "package_size": "190 g",
          "condition": null
        }
      ],
      "description": null
    },
    {
      "name": "Garnier Fructis šampon Goodbye Damage",
      "brand": "Garnier",
      "product_url": "https://wolt.com/cs/cze/prague/venue/albert-vinohradska/garnier-fructis-sampon-goodbye-damage-itemid-64ca0b7cba162577de489f4b",
      "image_url": "https://imageproxy.wolt.com/menu/menu-images/63ad795db242366d1f818f36/737ba99e-bbe4-11ef-ba84-1ab614d2e965_25653717.jpg",
      "categories": [
        "DROGERIE A KOSMETIKA",
        "PÉČE O VLASY"
      ],
      "prices": [
        {
          "store_name": "Albert",
          "price": 99.9,
          "original_price": null,
          "unit_price": 249.75,
          "unit": "l",
          "package_size": "400 ml",
          "condition": null
        }
      ],
      "description": null
    },
    {
      "name": "Sedita Lina Lískooříšková oplatka",
      "brand": "Sedita",
      "product_url": "https://wolt.com/cs/cze/prague/venue/albert-vinohradska/sedita-lina-liskooriskova-oplatka-itemid-657233256818b938df948aa0",
      "image_url": "https://imageproxy.wolt.com/menu/menu-images/63ad795db242366d1f818f36/7d83a4d2-4e4d-11ef-86a9-b2888e0a1b5d_27793770.jpg",
      "categories": [
        "TRVANLIVÉ",
        "SLADKOSTI"
      ],
      "prices": [
        {
          "store_name": "Albert",
          "price": 21.9,
          "original_price": null,
          "unit_price": 438.0,
          "unit": "Kg",
          "package_size": "50 g",
          "condition": null
        }
      ],
      "description": null
    },
    {
      "name": "Strongbow Apple Cider Dark Fruit",
      "brand": "Strongbow",
      "product_url": "https://wolt.com/cs/cze/prague/venue/albert-vinohradska/strongbow-apple-cider-dark-fruit-itemid-64ca0b7cba162577de488b13",
      "image_url": "https://imageproxy.wolt.com/menu/menu-images/64ffec4406cca0140dfab831/a4f9d810-8ebd-11ee-870a-0ada12279bd6_26957241.jpg",
      "categories": [
        "NÁPOJE",
        "CIDERY"
      ],
      "prices": [
        {
          "store_name": "Albert",
          "price": 19.9,
          "original_price": null,
          "unit_price": 45.23,
          "unit": "l",
          "package_size": "440 ml, 4,5% alc",
          "condition": "18+"
        }
      ],
      "description": null
    },
    {
      "name": "MCT Bio Olej kokosový",
      "brand": "MCT",
      "product_url": "https://wolt.com/cs/cze/prague/venue/albert-vinohradska/mct-bio-olej-kokosovy-itemid-64ca0b7cba162577de48a4d2",
      "image_url": "https://imageproxy.wolt.com/menu/menu-images/64ffec4406cca0140dfab831/34f3c238-8ec7-11ee-9d1b-bed13653e197_27646786.jpg",
      "categories": [
        "TRVANLIVÉ",
        "OLEJE A OCTY"
      ],
      "prices": [
        {
          "store_name": "Albert",
          "price": 229.0,
          "original_price": null,
          "unit_price": 916.0,
          "unit": "l",
          "package_size": "250 ml",
          "condition": null
        }
      ],
      "description": null
    },
    {
      "name": "Pepsi Cola",
      "brand": "Pepsi",
      "product_url": "https://wolt.com/cs/cze/prague/venue/albert-vinohradska/pepsi-cola-itemid-64ca0b7cba162577de489646",
      "image_url": "https://imageproxy.wolt.com/menu/menu-images/63ad795db242366d1f818f36/3d0be4a0-e818-11ee-8b77-825165eeb9ef_20404055.jpg",
      "categories": [
        "NÁPOJE",
        "LIMONÁDY"
      ],
      "prices": [
        {
          "store_name": "Albert",
          "price": 22.9,
          "original_price": null,
          "unit_price": 69.39,
          "unit": "l",
          "package_size": "330 ml",
          "condition": null
        }
      ],
      "description": null
    },
    {
      "name": "Franz Josef Kaiser Olivy plněné ančovič. pastou",
      "brand": "Franz Josef Kaiser",
      "product_url": "https://wolt.com/cs/cze/prague/venue/albert-vinohradska/franz-josef-kaiser-olivy-plnene-ancovic-pastou-itemid-64ca0b7cba162577de489d59",
      "image_url": "https://imageproxy.wolt.com/menu/menu-images/64ffec4406cca0140dfab831/a2f6c728-8eb1-11ee-b0d3-c6aa6b123400_24442855.jpg",
      "categories": [
        "TRVANLIVÉ",
        "KONZERVOVANÉ POTR."
      ],
      "prices": [
        {
          "store_name": "Albert",
          "price": 54.9,
          "original_price": null,
          "unit_price": 422.31,
          "unit": "Kg",
          "package_size": "130 g",
          "condition": null
        }
      ],
      "description": null
    },
    {
      "name": "Blend 42 Eccentric Vodka 42%",
      "brand": "Blend",
      "product_url": "https://wolt.com/cs/cze/prague/venue/albert-vinohradska/blend-42-eccentric-vodka-42-itemid-64ca0b7cba162577de489e2c",
      "image_url": "https://imageproxy.wolt.com/menu/menu-images/64ffec4406cca0140dfab831/6a40773c-8eaf-11ee-b4e3-c231a3feaf11_23302891.jpg",
      "categories": [
        "NÁPOJE",
        "LIHOVINY"
      ],
      "prices": [
        {
          "store_name": "Albert",
          "price": 219.0,
          "original_price": null,
          "unit_price": 438.0,
          "unit": "l",
          "package_size": "500 ml, 42% alc",
          "condition": "18+"
        }
      ],
      "description": null
    },
    {
      "name": "Magnesia Plus Antistress Mango a meduňka",
      "brand": "Magnesia",
      "product_url": "https://wolt.com/cs/cze/prague/venue/albert-vinohradska/magnesia-plus-antistress-mango-a-medunka-itemid-657233256818b938df948616",
      "image_url": "https://imageproxy.wolt.com/menu/menu-images/64ffec4406cca0140dfab831/e2139680-8ec9-11ee-915a-bea6474a380e_27763797.jpg",
      "categories": [
        "NÁPOJE",
        "VODY A MINERÁLKY"
      ],
      "prices": [
        {
          "store_name": "Albert",
          "price": 34.9,
          "original_price": null,
          "unit_price": 49.86,
          "unit": "l",
          "package_size": "700 ml",
          "condition": null
        }
      ],
      "description": null
    },
    {
      "name": "Albert Chlebíčky rýžové s jogurtovou polevou",
      "brand": "Albert",
      "product_url": "https://wolt.com/cs/cze/prague/venue/albert-vinohradska/albert-chlebicky-ryzove-s-jogurtovou-polevou-itemid-64ca0b7cba162577de488823",
      "image_url": "https://imageproxy.wolt.com/menu/menu-images/64ffec4406cca0140dfab831/af54494e-8eae-11ee-aeb2-12ad6b72684e_22708595.jpg",
      "categories": [
        "PEKÁRNA A CUKRÁRNA",
        "RACIO A KNÄCKEBROT"
      ],
      "prices": [
        {
          "store_name": "Albert",
          "price": 23.9,
          "original_price": null,
          "unit_price": 239.0,
          "unit": "Kg",
          "package_size": "100 g",
          "condition": null
        }
      ],
      "description": null
    },
    {
      "name": "Avelopa Tortellini s masem",
      "brand": "Avelopa",
      "product_url": "https://wolt.com/cs/cze/prague/venue/albert-vinohradska/avelopa-tortellini-s-masem-itemid-66021f7fea57e19898c03e53",
      "image_url": "https://imageproxy.wolt.com/menu/menu-images/6601c613e48d1c8d95333085/b31d0652-eae2-11ee-855f-0279839fcf9e_25471588.jpg",
      "categories": [
        "TRVANLIVÉ",
        "TĚSTOVINY A KUSKUS"
      ],
      "prices": [
        {
          "store_name": "Albert",
          "price": 52.9,
          "original_price": null,
          "unit_price": 211.6,
          "unit": "Kg",
          "package_size": "250 g",
          "condition": null
        }
      ],
      "description": null
    },
    {
      "name": "Albert Okurky 3-6 cm",
      "brand": "Albert",
      "product_url": "https://wolt.com/cs/cze/prague/venue/albert-vinohradska/albert-okurky-3-6-cm-itemid-64ca0b7cba162577de488b5f",
      "image_url": "https://imageproxy.wolt.com/menu/menu-images/64ffec4406cca0140dfab831/c9de1626-8ec4-11ee-8fb2-0aca939bb6cd_27493090.jpg",
      "categories": [
        "TRVANLIVÉ",
        "KONZERVOVANÉ POTR."
      ],
      "prices": [
        {
          "store_name": "Albert",
          "price": 29.9,
          "original_price": null,
          "unit_price": 175.88,
          "unit": "Kg",
          "package_size": "170 g",
          "condition": null
        }
      ],
      "description": null
    },
    {
      "name": "Gustona Řepkový olej",
      "brand": "Gustona",
      "product_url": "https://wolt.com/cs/cze/prague/venue/albert-vinohradska/gustona-repkovy-olej-itemid-64ca0b7cba162577de488365",
      "image_url": "https://imageproxy.wolt.com/menu/menu-images/63ad795db242366d1f818f36/2c06924a-4e4d-11ef-bf30-4ac1df006a34_23635425.jpg",
      "categories": [
        "TRVANLIVÉ",
        "OLEJE A OCTY"
      ],
      "prices": [
        {
          "store_name": "Albert",
          "price": 47.9,
          "original_price": null,
          "unit_price": 47.9,
          "unit": "l",
          "package_size": "1 l",
          "condition": null
        }
      ],
      "description": null
    },
    {
      "name": "Mentos Fruit dražé se žvýkací náplní",
      "brand": "Mentos",
      "product_url": "https://wolt.com/cs/cze/prague/venue/albert-vinohradska/mentos-fruit-draze-se-zvykaci-naplni-itemid-64ca0b7cba162577de489b97",
      "image_url": "https://imageproxy.wolt.com/menu/menu-images/64ffec4406cca0140dfab831/4d2f83ac-8eac-11ee-a858-c27bf70975f2_20300746.jpg",
      "categories": [
        "TRVANLIVÉ",
        "SLADKOSTI"
      ],
      "prices": [
        {
          "store_name": "Albert",
          "price": 11.9,
          "original_price": null,
          "unit_price": 313.16,
          "unit": "Kg",
          "package_size": "38 g",
          "condition": null
        }
      ],
      "description": null
    },
    {
      "name": "Merci Finest Selection pralinky mix",
      "brand": "Merci",
      "product_url": "https://wolt.com/cs/cze/prague/venue/albert-vinohradska/merci-finest-selection-pralinky-mix-itemid-657233256818b938df947edc",
      "image_url": "https://imageproxy.wolt.com/menu/menu-images/64ffec4406cca0140dfab831/0d8e72e2-8eae-11ee-9718-2a31a2186d9b_21650901.jpg",
      "categories": [
        "TRVANLIVÉ",
        "SLADKOSTI"
      ],
      "prices": [
        {
          "store_name": "Albert",
          "price": 259.0,
          "original_price": null,
          "unit_price": 647.5,
          "unit": "Kg",
          "package_size": "400 g",
          "condition": "Vyprodáno"
        }
      ],
      "description": null
    },
    {
      "name": "Hochwald Eiskaffee Ledová káva",
      "brand": "Hochwald",
      "product_url": "https://wolt.com/cs/cze/prague/venue/albert-vinohradska/hochwald-eiskaffee-ledova-kava-itemid-64ca0b7cba162577de488bb5",
      "image_url": "https://imageproxy.wolt.com/menu/menu-images/64ffec4406cca0140dfab831/05278e36-8eae-11ee-9ef7-3e3f8d1903a2_21592058.jpg",
      "categories": [
        "MLÉČNÉ A CHLAZENÉ",
        "MLÉČNÉ NÁPOJE"
      ],
      "prices": [
        {
          "store_name": "Albert",
          "price": 37.9,
          "original_price": null,
          "unit_price": 75.8,
          "unit": "l",
          "package_size": "500 ml",
          "condition": null
        }
      ],
      "description": null
    },
    {
      "name": "Thomas Henry Tonic Pink Grapefruit",
      "brand": "Thomas",
      "product_url": "https://wolt.com/cs/cze/prague/venue/albert-vinohradska/thomas-henry-tonic-pink-grapefruit-itemid-64ca0b7cba162577de48a5fe",
      "image_url": "https://imageproxy.wolt.com/menu/menu-images/64ffec4406cca0140dfab831/fe06b924-8ec1-11ee-b476-a2846f3734b2_27272169.jpg",
      "categories": [
        "NÁPOJE",
        "LIMONÁDY"
      ],
      "prices": [
        {
          "store_name": "Albert",
          "price": 34.9,
          "original_price": null,
          "unit_price": 174.5,
          "unit": "l",
          "package_size": "200 ml",
          "condition": null
        }
      ],
      "description": null
    },
    {
      "name": "Albert Excellent Entrecôte",
      "brand": "Albert Excellent",
      "product_url": "https://wolt.com/cs/cze/prague/venue/albert-vinohradska/albert-excellent-entrecote-itemid-657233256818b938df9483dd",
      "image_url": "https://imageproxy.wolt.com/menu/menu-images/64ffec4406cca0140dfab831/497fe94c-8ec8-11ee-b349-7639dadf697f_27712382.jpg",
      "categories": [
        "MASO A RYBY",
        "HOVĚZÍ A TELECÍ"
      ],
      "prices": [
        {
          "store_name": "Albert",
          "price": 279.0,
          "original_price": null,
          "unit_price": 930.0,
          "unit": "Kg",
          "package_size": "300 g",
          "condition": null
        }
      ],
      "description": null
    },
    {
      "name": "Albert Kuře na paprice s těstovinami",
      "brand": "Albert",
      "product_url": "https://wolt.com/cs/cze/prague/venue/albert-vinohradska/albert-kure-na-paprice-s-testovinami-itemid-681b5abffcbd67bf7a8f4a68",
      "image_url": "https://imageproxy.wolt.com/menu/menu-images/63ad795db242366d1f818f36/43dd7926-a8ea-11f0-9e47-169608529419_27963845.jpg",
      "categories": [
        "UZENINY A LAHŮDKY",
        "HOTOVKY A PŘÍLOHY"
      ],
      "prices": [
        {
          "store_name": "Albert",
          "price": 99.9,
          "original_price": null,
          "unit_price": 249.75,
          "unit": "Kg",
          "package_size": "400 g",
          "condition": "Vyprodáno"
        }
      ],
      "description": null
    },
    {
      "name": "Sunar mléčná krupicová kaše na dobrou noc medová",
      "brand": "Sunar",
      "product_url": "https://wolt.com/cs/cze/prague/venue/albert-vinohradska/sunar-mlecna-krupicova-kase-na-dobrou-noc-medova-itemid-64ca0b7cba162577de488f11",
      "image_url": "https://imageproxy.wolt.com/menu/menu-images/63ad795db242366d1f818f36/832b5e26-0608-11ef-aa2e-46862d9835e8_25862355.jpg",
      "categories": [
        "DÍTĚ",
        "VÝŽIVA"
      ],
      "prices": [
        {
          "store_name": "Albert",
          "price": 69.9,
          "original_price": null,
          "unit_price": 332.86,
          "unit": "Kg",
          "package_size": "210 g",
          "condition": null
        }
      ],
      "description": null
    },
    {
      "name": "Super Bond Liquid Lepidlo sekundové",
      "brand": "Super",
      "product_url": "https://wolt.com/cs/cze/prague/venue/albert-vinohradska/super-bond-liquid-lepidlo-sekundove-itemid-64ca0b7cba162577de489024",
      "image_url": "https://imageproxy.wolt.com/menu/menu-images/64ffec4406cca0140dfab831/ba6aef90-8eae-11ee-8efd-1af7753b7a63_22774408.jpg",
      "categories": [
        "DOMÁCNOST A ZAHRADA",
        "KUCHYŇSKÉ POTŘEBY"
      ],
      "prices": [
        {
          "store_name": "Albert",
          "price": 56.9,
          "original_price": null,
          "unit_price": 18966.67,
          "unit": "Kg",
          "package_size": "3 g",
          "condition": null
        }
      ],
      "description": null
    },
    {
      "name": "Exotic Food Authentic Thai sladká čili omáčka",
      "brand": "Exotic",
      "product_url": "https://wolt.com/cs/cze/prague/venue/albert-vinohradska/exotic-food-authentic-thai-sladka-cili-omacka-itemid-64ca0b7cba162577de489bc4",
      "image_url": "https://imageproxy.wolt.com/menu/menu-images/64ffec4406cca0140dfab831/701fc2ec-8eb5-11ee-b7e8-3ed0b25e551d_25555073.jpg",
      "categories": [
        "TRVANLIVÉ",
        "MEZINÁRODNÍ KUCHYNĚ"
      ],
      "prices": [
        {
          "store_name": "Albert",
          "price": 79.9,
          "original_price": null,
          "unit_price": 319.6,
          "unit": "l",
          "package_size": "250 ml",
          "condition": null
        }
      ],
      "description": null
    },
    {
      "name": "Druid Veganská pomazánka s červenou paprikou",
      "brand": "Druid",
      "product_url": "https://wolt.com/cs/cze/prague/venue/albert-vinohradska/druid-veganska-pomazanka-s-cervenou-paprikou-itemid-657233256818b938df948451",
      "image_url": "https://imageproxy.wolt.com/menu/menu-images/64ffec4406cca0140dfab831/9c04f1c8-8ec1-11ee-856a-bed63d7a3e3f_27257098.jpg",
      "categories": [
        "UZENINY A LAHŮDKY",
        "SALÁTY A POMAZÁNKY"
      ],
      "prices": [
        {
          "store_name": "Albert",
          "price": 36.9,
          "original_price": null,
          "unit_price": 369.0,
          "unit": "Kg",
          "package_size": "100 g",
          "condition": null
        }
      ],
      "description": null
    },
    {
      "name": "Nature's Promise Bio Sójový nápoj",
      "brand": "Nature's Promise",
      "product_url": "https://wolt.com/cs/cze/prague/venue/albert-vinohradska/nature-s-promise-bio-sojovy-napoj-itemid-64ca0b7cba162577de488be3",
      "image_url": "https://imageproxy.wolt.com/menu/menu-images/64ffec4406cca0140dfab831/c2216300-8ec6-11ee-ad1f-bed13653e197_27622766.jpg",
      "categories": [
        "MLÉČNÉ A CHLAZENÉ",
        "ROSTLINNÉ PRODUKTY"
      ],
      "prices": [
        {
          "store_name": "Albert",
          "price": 24.9,
          "original_price": null,
          "unit_price": 24.9,
          "unit": "l",
          "package_size": "1 l",
          "condition": null
        }
      ],
      "description": null
    },
    {
      "name": "Albert Kapsičky pro kočky losos a krůtí",
      "brand": "Albert",
      "product_url": "https://wolt.com/cs/cze/prague/venue/albert-vinohradska/albert-kapsicky-pro-kocky-losos-a-kruti-itemid-64ca0b7cba162577de48a44d",
      "image_url": "https://imageproxy.wolt.com/menu/menu-images/64ffec4406cca0140dfab831/bc274ed6-8ec3-11ee-9573-a69629e9844e_27422205.jpg",
      "categories": [
        "ZVÍŘATA",
        "KOČKY"
      ],
      "prices": [
        {
          "store_name": "Albert",
          "price": 49.9,
          "original_price": null,
          "unit_price": 146.76,
          "unit": "Kg",
          "package_size": "340 g",
          "condition": null
        }
      ],
      "description": null
    },
    {
      "name": "Viva Párečky pikantní",
      "brand": "Viva",
      "product_url": "https://wolt.com/cs/cze/prague/venue/albert-vinohradska/viva-parecky-pikantni-itemid-64ca0b7cba162577de489d45",
      "image_url": "https://imageproxy.wolt.com/menu/menu-images/64ffec4406cca0140dfab831/5557982c-8eb5-11ee-8650-2e13ed999a8b_25536881.jpg",
      "categories": [
        "TRVANLIVÉ",
        "KONZERVOVANÉ POTR."
      ],
      "prices": [
        {
          "store_name": "Albert",
          "price": 111.9,
          "original_price": null,
          "unit_price": 254.32,
          "unit": "Kg",
          "package_size": "440 g",
          "condition": null
        }
      ],
      "description": null
    },
    {
      "name": "Albert Proteinový koktejl banánový",
      "brand": "Albert",
      "product_url": "https://wolt.com/cs/cze/prague/venue/albert-vinohradska/albert-proteinovy-koktejl-bananovy-itemid-681b5abffcbd67bf7a8f4a00",
      "image_url": "https://imageproxy.wolt.com/menu/menu-images/63ad795db242366d1f818f36/9db2d6c4-2b47-11f0-ba5c-225476ed9c44_27937518.jpg",
      "categories": [
        "MLÉČNÉ A CHLAZENÉ",
        "MLÉČNÉ NÁPOJE"
      ],
      "prices": [
        {
          "store_name": "Albert",
          "price": null,
          "original_price": null,
          "unit_price": 463.33,
          "unit": "Kg",
          "package_size": "30 g",
          "condition": "Sleva"
        }
      ],
      "description": null
    },
    {
      "name": "Rekord Vepřové maso ve vlastní šťávě",
      "brand": "Rekord",
      "product_url": "https://wolt.com/cs/cze/prague/venue/albert-vinohradska/rekord-veprove-maso-ve-vlastni-stave-itemid-657233256818b938df9486cf",
      "image_url": "https://imageproxy.wolt.com/menu/menu-images/64ffec4406cca0140dfab831/f98d9ba4-8ebe-11ee-93a8-a28724a7b713_27082232.jpg",
      "categories": [
        "TRVANLIVÉ",
        "KONZERVOVANÉ POTR."
      ],
      "prices": [
        {
          "store_name": "Albert",
          "price": 49.9,
          "original_price": null,
          "unit_price": 166.33,
          "unit": "Kg",
          "package_size": "300 g",
          "condition": null
        }
      ],
      "description": null
    },
    {
      "name": "Nature's Promise Jogurt čokoládový bez laktózy",
      "brand": "Nature's Promise",
      "product_url": "https://wolt.com/cs/cze/prague/venue/albert-vinohradska/nature-s-promise-jogurt-cokoladovy-bez-laktozy-itemid-64ca0b7cba162577de488d0f",
      "image_url": "https://imageproxy.wolt.com/menu/menu-images/64ffec4406cca0140dfab831/55d141c8-8ebe-11ee-85b4-0ada12279bd6_27023433.jpg",
      "categories": [
        "MLÉČNÉ A CHLAZENÉ",
        "JOGURTY A DEZERTY"
      ],
      "prices": [
        {
          "store_name": "Albert",
          "price": null,
          "original_price": null,
          "unit_price": 99.33,
          "unit": "Kg",
          "package_size": "150 g",
          "condition": "Sleva"
        }
      ],
      "description": null
    },
    {
      "name": "Albert Sýr Krolewski 45% bloček",
      "brand": "Albert",
      "product_url": "https://wolt.com/cs/cze/prague/venue/albert-vinohradska/albert-syr-krolewski-45-blocek-itemid-64ca0b7cba162577de4887d7",
      "image_url": "https://imageproxy.wolt.com/menu/menu-images/64ffec4406cca0140dfab831/7f016c76-8ebe-11ee-8005-62c80973176d_27035313.jpg",
      "categories": [
        "MLÉČNÉ A CHLAZENÉ",
        "SÝRY"
      ],
      "prices": [
        {
          "store_name": "Albert",
          "price": 64.9,
          "original_price": null,
          "unit_price": 324.5,
          "unit": "Kg",
          "package_size": "200 g",
          "condition": null
        }
      ],
      "description": null
    },
    {
      "name": "Albert Čerstvá šťáva grapefruit",
      "brand": "Albert",
      "product_url": "https://wolt.com/cs/cze/prague/venue/albert-vinohradska/albert-cerstva-stava-grapefruit-itemid-64ca0b7cba162577de488bf7",
      "image_url": "https://imageproxy.wolt.com/menu/menu-images/64ffec4406cca0140dfab831/c70898a8-8ec0-11ee-8401-723b124ceb50_27195123.jpg",
      "categories": [
        "NÁPOJE",
        "DŽUSY A NEKTARY"
      ],
      "prices": [
        {
          "store_name": "Albert",
          "price": 84.9,
          "original_price": null,
          "unit_price": 113.2,
          "unit": "l",
          "package_size": "750 ml",
          "condition": null
        }
      ],
      "description": null
    },
    {
      "name": "Albert Rajská omáčka s hovězím a těstovinami",
      "brand": "Albert",
      "product_url": "https://wolt.com/cs/cze/prague/venue/albert-vinohradska/albert-rajska-omacka-s-hovezim-a-testovinami-itemid-681b5abffcbd67bf7a8f4a66",
      "image_url": "https://imageproxy.wolt.com/menu/menu-images/63ad795db242366d1f818f36/b833825a-2b47-11f0-8032-be47bb4dacd4_27963814.jpg",
      "categories": [
        "UZENINY A LAHŮDKY",
        "HOTOVKY A PŘÍLOHY"
      ],
      "prices": [
        {
          "store_name": "Albert",
          "price": 99.9,
          "original_price": null,
          "unit_price": 249.75,
          "unit": "Kg",
          "package_size": "400 g",
          "condition": null
        }
      ],
      "description": null
    },
    {
      "name": "Bon Pari Bonbóny originál",
      "brand": "Bon",
      "product_url": "https://wolt.com/cs/cze/prague/venue/albert-vinohradska/bon-pari-bonbony-original-itemid-64ca0b7cba162577de4894e0",
      "image_url": "https://imageproxy.wolt.com/menu/menu-images/64ffec4406cca0140dfab831/f4d2ea6e-8eb0-11ee-95eb-4ac825cfc539_24149488.jpg",
      "categories": [
        "TRVANLIVÉ",
        "SLADKOSTI"
      ],
      "prices": [
        {
          "store_name": "Albert",
          "price": 19.9,
          "original_price": null,
          "unit_price": 221.11,
          "unit": "Kg",
          "package_size": "90 g",
          "condition": null
        }
      ],
      "description": null
    },
    {
      "name": "Sommelier Collection Müller Thurgau",
      "brand": "Sommelier",
      "product_url": "https://wolt.com/cs/cze/prague/venue/albert-vinohradska/sommelier-collection-muller-thurgau-itemid-64ca0b7cba162577de489895",
      "image_url": "https://imageproxy.wolt.com/menu/menu-images/64ffec4406cca0140dfab831/a19d70ac-8ec5-11ee-bada-b254b150411e_27557983.jpg",
      "categories": [
        "NÁPOJE",
        "VÍNA"
      ],
      "prices": [
        {
          "store_name": "Albert",
          "price": 149.9,
          "original_price": null,
          "unit_price": 199.87,
          "unit": "l",
          "package_size": "750 ml, 11,5% alc",
          "condition": "18+"
        }
      ],
      "description": null
    },
    {
      "name": "Top Topic hrozen",
      "brand": "Top",
      "product_url": "https://wolt.com/cs/cze/prague/venue/albert-vinohradska/top-topic-hrozen-itemid-64ca0b7cba162577de488855",
      "image_url": "https://imageproxy.wolt.com/menu/menu-images/63ad795db242366d1f818f36/119b0752-7826-11f0-8027-d6d360f8e088_25238389.jpg",
      "categories": [
        "NÁPOJE",
        "LIMONÁDY"
      ],
      "prices": [
        {
          "store_name": "Albert",
          "price": 30.9,
          "original_price": null,
          "unit_price": 20.6,
          "unit": "l",
          "package_size": "1,5 l",
          "condition": null
        }
      ],
      "description": null
    },
    {
      "name": "Nature's Promise Bio Maliny",
      "brand": "Nature's Promise",
      "product_url": "https://wolt.com/cs/cze/prague/venue/albert-vinohradska/nature-s-promise-bio-maliny-itemid-6602237937487c8ac46f8cf0",
      "image_url": "https://imageproxy.wolt.com/menu/menu-images/6601c613e48d1c8d95333085/df86d4ce-eae3-11ee-adea-7e51a1456ce6_27263594.jpg",
      "categories": [
        "OVOCE A ZELENINA",
        "OVOCE"
      ],
      "prices": [
        {
          "store_name": "Albert",
          "price": 79.9,
          "original_price": null,
          "unit_price": 639.2,
          "unit": "Kg",
          "package_size": "125 g",
          "condition": null
        }
      ],
      "description": null
    },
    {
      "name": "Albert Tvaroh měkký",
      "brand": "Albert",
      "product_url": "https://wolt.com/cs/cze/prague/venue/albert-vinohradska/albert-tvaroh-mekky-itemid-64ca0b7cba162577de4882e7",
      "image_url": "https://imageproxy.wolt.com/menu/menu-images/64ffec4406cca0140dfab831/d763c4e0-8eaf-11ee-bfb0-aa21438df9a4_23550599.jpg",
      "categories": [
        "MLÉČNÉ A CHLAZENÉ",
        "TVAROHY"
      ],
      "prices": [
        {
          "store_name": "Albert",
          "price": 26.9,
          "original_price": null,
          "unit_price": 107.6,
          "unit": "Kg",
          "package_size": "250 g",
          "condition": null
        }
      ],
      "description": null
    },
    {
      "name": "Blend 42 Eccentric Fire Grape & Pepper vodka 42%",
      "brand": "Blend",
      "product_url": "https://wolt.com/cs/cze/prague/venue/albert-vinohradska/blend-42-eccentric-fire-grape-pepper-vodka-42-itemid-657233256818b938df9484ef",
      "image_url": "https://imageproxy.wolt.com/menu/menu-images/64ffec4406cca0140dfab831/c2ef0462-8eb8-11ee-861a-7a4dcb26504b_26257013.jpg",
      "categories": [
        "NÁPOJE",
        "LIHOVINY"
      ],
      "prices": [
        {
          "store_name": "Albert",
          "price": 219.0,
          "original_price": null,
          "unit_price": 438.0,
          "unit": "l",
          "package_size": "500 ml, 42% alc",
          "condition": "18+"
        }
      ],
      "description": null
    },
    {
      "name": "Nature's Promise Kids Bio pyré jablko, broskev",
      "brand": "Nature's Promise",
      "product_url": "https://wolt.com/cs/cze/prague/venue/albert-vinohradska/nature-s-promise-kids-bio-pyre-jablko-broskev-itemid-64ca0b7cba162577de48898d",
      "image_url": "https://imageproxy.wolt.com/menu/menu-images/64ffec4406cca0140dfab831/17a26438-8ec6-11ee-bba4-22ab4de1c557_27599044.jpg",
      "categories": [
        "DÍTĚ",
        "VÝŽIVA"
      ],
      "prices": [
        {
          "store_name": "Albert",
          "price": null,
          "original_price": null,
          "unit_price": 140.83,
          "unit": "Kg",
          "package_size": "120 g",
          "condition": "Sleva"
        }
      ],
      "description": null
    },
    {
      "name": "Davidoff Fine Aroma instantní káva",
      "brand": "Davidoff",
      "product_url": "https://wolt.com/cs/cze/prague/venue/albert-vinohradska/davidoff-fine-aroma-instantni-kava-itemid-64ca0b7cba162577de489030",
      "image_url": "https://imageproxy.wolt.com/menu/menu-images/64ffec4406cca0140dfab831/45bf12f6-8eaf-11ee-a5e3-1a0ff625fca8_23232280.jpg",
      "categories": [
        "NÁPOJE",
        "KÁVA A ČAJ"
      ],
      "prices": [
        {
          "store_name": "Albert",
          "price": 289.0,
          "original_price": null,
          "unit_price": 2890.0,
          "unit": "Kg",
          "package_size": "100 g",
          "condition": null
        }
      ],
      "description": null
    },
    {
      "name": "Nature's Promise Bio Kukuřice sterilovaná",
      "brand": "Nature's Promise",
      "product_url": "https://wolt.com/cs/cze/prague/venue/albert-vinohradska/nature-s-promise-bio-kukurice-sterilovana-itemid-64ca0b7cba162577de4896f6",
      "image_url": "https://imageproxy.wolt.com/menu/menu-images/63ad795db242366d1f818f36/1458549a-168e-11ef-8faa-9a70542e91d3_26845883.jpg",
      "categories": [
        "TRVANLIVÉ",
        "KONZERVOVANÉ POTR."
      ],
      "prices": [
        {
          "store_name": "Albert",
          "price": null,
          "original_price": null,
          "unit_price": 130.0,
          "unit": "Kg",
          "package_size": "230 g",
          "condition": "Sleva"
        }
      ],
      "description": null
    },
    {
      "name": "Metaxa 5* Orange 38%",
      "brand": "Metaxa",
      "product_url": "https://wolt.com/cs/cze/prague/venue/albert-vinohradska/metaxa-5-orange-38-itemid-64ca0b7cba162577de48a53f",
      "image_url": "https://imageproxy.wolt.com/menu/menu-images/64ffec4406cca0140dfab831/a1983a2a-8ec9-11ee-9b1b-0eae60bca7bc_27752265.jpg",
      "categories": [
        "NÁPOJE",
        "LIHOVINY"
      ],
      "prices": [
        {
          "store_name": "Albert",
          "price": 549.0,
          "original_price": null,
          "unit_price": 784.29,
          "unit": "l",
          "package_size": "700 ml, 38% alc",
          "condition": "18+, Vyprodáno"
        }
      ],
      "description": null
    },
    {
      "name": "Exotic Food Authentic Thai bambusové výhonky",
      "brand": "Exotic",
      "product_url": "https://wolt.com/cs/cze/prague/venue/albert-vinohradska/exotic-food-authentic-thai-bambusove-vyhonky-itemid-64ca0b7cba162577de489bc8",
      "image_url": "https://imageproxy.wolt.com/menu/menu-images/64ffec4406cca0140dfab831/61506f0c-8eae-11ee-ab74-6acfb8ed3f7f_22272331.jpg",
      "categories": [
        "TRVANLIVÉ",
        "MEZINÁRODNÍ KUCHYNĚ"
      ],
      "prices": [
        {
          "store_name": "Albert",
          "price": 59.9,
          "original_price": null,
          "unit_price": 427.86,
          "unit": "Kg",
          "package_size": "140 g",
          "condition": null
        }
      ],
      "description": null
    },
    {
      "name": "Nivea dvoufázový odličovač očí",
      "brand": "Nivea",
      "product_url": "https://wolt.com/cs/cze/prague/venue/albert-vinohradska/nivea-dvoufazovy-odlicovac-oci-itemid-64ca0b7cba162577de488f97",
      "image_url": "https://imageproxy.wolt.com/menu/menu-images/64ffec4406cca0140dfab831/4c9cb1d2-8eb4-11ee-8f54-5a7762fb688d_25278644.jpg",
      "categories": [
        "DROGERIE A KOSMETIKA",
        "PÉČE O PLEŤ"
      ],
      "prices": [
        {
          "store_name": "Albert",
          "price": 179.0,
          "original_price": null,
          "unit_price": 1432.0,
          "unit": "l",
          "package_size": "125 ml",
          "condition": null
        }
      ],
      "description": null
    },
    {
      "name": "Opavia BeBe Dobré ráno Sušenky s jogurtem",
      "brand": "Opavia",
      "product_url": "https://wolt.com/cs/cze/prague/venue/albert-vinohradska/opavia-bebe-dobre-rano-susenky-s-jogurtem-itemid-64ca0b7cba162577de489433",
      "image_url": "https://imageproxy.wolt.com/menu/menu-images/63ad795db242366d1f818f36/c09e4a4a-f8ef-11ef-9fd2-4a727756202a_24627283.jpg",
      "categories": [
        "TRVANLIVÉ",
        "SLADKOSTI"
      ],
      "prices": [
        {
          "store_name": "Albert",
          "price": 16.9,
          "original_price": null,
          "unit_price": 338.0,
          "unit": "Kg",
          "package_size": "50 g",
          "condition": null
        }
      ],
      "description": null
    },
    {
      "name": "Opavia Fidorka hořká s čokoládovou náplní",
      "brand": "Opavia",
      "product_url": "https://wolt.com/cs/cze/prague/venue/albert-vinohradska/opavia-fidorka-horka-s-cokoladovou-naplni-itemid-64ca0b7cba162577de4886a5",
      "image_url": "https://imageproxy.wolt.com/menu/menu-images/63ad795db242366d1f818f36/ff4ebfaa-d995-11ef-aaf8-6ed3aa2b3818_22658937.jpg",
      "categories": [
        "TRVANLIVÉ",
        "SLADKOSTI"
      ],
      "prices": [
        {
          "store_name": "Albert",
          "price": 18.9,
          "original_price": null,
          "unit_price": 630.0,
          "unit": "Kg",
          "package_size": "30 g",
          "condition": null
        }
      ],
      "description": null
    },
    {
      "name": "Česká chuť Mouka hrubá pšeničná",
      "brand": "Česká chuť",
      "product_url": "https://wolt.com/cs/cze/prague/venue/albert-vinohradska/ceska-chut-mouka-hruba-psenicna-itemid-64ca0b7cba162577de489fc8",
      "image_url": "https://imageproxy.wolt.com/menu/menu-images/64ffec4406cca0140dfab831/8a66988c-8ebb-11ee-a394-2ea44b0f5f93_26778495.jpg",
      "categories": [
        "TRVANLIVÉ",
        "PEČENÍ A VAŘENÍ"
      ],
      "prices": [
        {
          "store_name": "Albert",
          "price": 27.9,
          "original_price": null,
          "unit_price": 27.9,
          "unit": "Kg",
          "package_size": "1 kg",
          "condition": null
        }
      ],
      "description": null
    },
    {
      "name": "Ria Classic Normal slipové vložky",
      "brand": "Ria",
      "product_url": "https://wolt.com/cs/cze/prague/venue/albert-vinohradska/ria-classic-normal-slipove-vlozky-itemid-64ca0b7cba162577de4892c7",
      "image_url": "https://imageproxy.wolt.com/menu/menu-images/64ffec4406cca0140dfab831/f0e9ea62-8eae-11ee-bde0-aa6a0c58eab8_22928818.jpg",
      "categories": [
        "DROGERIE A KOSMETIKA",
        "DÁMSKÉ HYG. POTŘEBY"
      ],
      "prices": [
        {
          "store_name": "Albert",
          "price": null,
          "original_price": null,
          "unit_price": 1.24,
          "unit": "ks",
          "package_size": "‪25‬ kusů",
          "condition": "Sleva"
        }
      ],
      "description": null
    },
    {
      "name": "Bohemilk Opočenský jogurt broskev, meruňka",
      "brand": "Bohemilk",
      "product_url": "https://wolt.com/cs/cze/prague/venue/albert-vinohradska/bohemilk-opocensky-jogurt-broskev-merunka-itemid-64ca0b7cba162577de489665",
      "image_url": "https://imageproxy.wolt.com/menu/menu-images/64ffec4406cca0140dfab831/8e205604-8eb9-11ee-8cba-f6f59196df47_26453330.jpg",
      "categories": [
        "MLÉČNÉ A CHLAZENÉ",
        "JOGURTY A DEZERTY"
      ],
      "prices": [
        {
          "store_name": "Albert",
          "price": 28.9,
          "original_price": null,
          "unit_price": 192.67,
          "unit": "Kg",
          "package_size": "150 g",
          "condition": null
        }
      ],
      "description": null
    },
    {
      "name": "Garnier Fructis Vitamin & Strength šampon",
      "brand": "Garnier",
      "product_url": "https://wolt.com/cs/cze/prague/venue/albert-vinohradska/garnier-fructis-vitamin-strength-sampon-itemid-6601e9ebe748b53cb587bab3",
      "image_url": "https://imageproxy.wolt.com/menu/menu-images/63ad795db242366d1f818f36/1689158c-bbe4-11ef-a700-b6458f36dde7_27573907.jpg",
      "categories": [
        "DROGERIE A KOSMETIKA",
        "PÉČE O VLASY"
      ],
      "prices": [
        {
          "store_name": "Albert",
          "price": 99.9,
          "original_price": null,
          "unit_price": 249.75,
          "unit": "l",
          "package_size": "400 ml",
          "condition": null
        }
      ],
      "description": null
    },
    {
      "name": "Dobrá voda Minerální voda neperlivá malina",
      "brand": "Dobrá",
      "product_url": "https://wolt.com/cs/cze/prague/venue/albert-vinohradska/dobra-voda-mineralni-voda-neperliva-malina-itemid-64ca0b7cba162577de48836f",
      "image_url": "https://imageproxy.wolt.com/menu/menu-images/64ffec4406cca0140dfab831/453ff63e-8eb3-11ee-b9c0-3a1814765055_24991148.jpg",
      "categories": [
        "NÁPOJE",
        "VODY A MINERÁLKY"
      ],
      "prices": [
        {
          "store_name": "Albert",
          "price": 20.9,
          "original_price": null,
          "unit_price": 13.93,
          "unit": "l",
          "package_size": "1,5 l",
          "condition": null
        }
      ],
      "description": null
    },
    {
      "name": "Kitbis Bonbony Červená srdíčka",
      "brand": "Kitbis",
      "product_url": "https://wolt.com/cs/cze/prague/venue/albert-vinohradska/kitbis-bonbony-cervena-srdicka-itemid-64ca0b7cba162577de489462",
      "image_url": "https://imageproxy.wolt.com/menu/menu-images/63ad795db242366d1f818f36/22632992-bbe4-11ef-915b-169ce97bd6f7_27389621.jpg",
      "categories": [
        "TRVANLIVÉ",
        "SLADKOSTI"
      ],
      "prices": [
        {
          "store_name": "Albert",
          "price": 14.9,
          "original_price": null,
          "unit_price": 149.0,
          "unit": "Kg",
          "package_size": "100 g",
          "condition": null
        }
      ],
      "description": null
    },
    {
      "name": "Bohemilk Sušené mléko plnotučné",
      "brand": "Bohemilk",
      "product_url": "https://wolt.com/cs/cze/prague/venue/albert-vinohradska/bohemilk-susene-mleko-plnotucne-itemid-64ca0b7cba162577de489b29",
      "image_url": "https://imageproxy.wolt.com/menu/menu-images/64ffec4406cca0140dfab831/f06a07f8-8eb2-11ee-a98c-b6ff72c7a500_24913850.jpg",
      "categories": [
        "MLÉČNÉ A CHLAZENÉ",
        "MLÉČNÉ NÁPOJE"
      ],
      "prices": [
        {
          "store_name": "Albert",
          "price": 144.9,
          "original_price": null,
          "unit_price": 362.25,
          "unit": "Kg",
          "package_size": "400 g",
          "condition": null
        }
      ],
      "description": null
    },
    {
      "name": "Kreolis Extra panenský olivový olej",
      "brand": "Kreolis",
      "product_url": "https://wolt.com/cs/cze/prague/venue/albert-vinohradska/kreolis-extra-panensky-olivovy-olej-itemid-64ca0b7cba162577de489337",
      "image_url": "https://imageproxy.wolt.com/menu/menu-images/63ad795db242366d1f818f36/05df4536-7a84-11ef-93d8-6a7bad7fa0f4_26644578.jpg",
      "categories": [
        "TRVANLIVÉ",
        "OLEJE A OCTY"
      ],
      "prices": [
        {
          "store_name": "Albert",
          "price": 459.0,
          "original_price": null,
          "unit_price": 459.0,
          "unit": "l",
          "package_size": "1 l",
          "condition": null
        }
      ],
      "description": null
    },
    {
      "name": "Nature's Promise Bio Šťáva 3 druhy ovoce",
      "brand": "Nature's Promise",
      "product_url": "https://wolt.com/cs/cze/prague/venue/albert-vinohradska/nature-s-promise-bio-stava-3-druhy-ovoce-itemid-6601e28f136a34e0a432aad3",
      "image_url": "https://imageproxy.wolt.com/menu/menu-images/6601c613e48d1c8d95333085/31b3fa38-eae4-11ee-bedf-c6ec51218b94_27466100.jpg",
      "categories": [
        "NÁPOJE",
        "DŽUSY A NEKTARY"
      ],
      "prices": [
        {
          "store_name": "Albert",
          "price": 129.9,
          "original_price": null,
          "unit_price": 129.9,
          "unit": "l",
          "package_size": "1 l",
          "condition": null
        }
      ],
      "description": null
    },
    {
      "name": "Albert Rybí očka v aspiku",
      "brand": "Albert",
      "product_url": "https://wolt.com/cs/cze/prague/venue/albert-vinohradska/albert-rybi-ocka-v-aspiku-itemid-64ca0b7cba162577de489635",
      "image_url": "https://imageproxy.wolt.com/menu/menu-images/63ad795db242366d1f818f36/4d2e4770-7826-11f0-901b-8e3493083137_26893600.jpg",
      "categories": [
        "UZENINY A LAHŮDKY",
        "RYBÍ SPECIALITY"
      ],
      "prices": [
        {
          "store_name": "Albert",
          "price": 49.9,
          "original_price": null,
          "unit_price": 249.5,
          "unit": "Kg",
          "package_size": "200 g",
          "condition": null
        }
      ],
      "description": null
    },
    {
      "name": "Perla Origins Sumatra zrnková káva",
      "brand": "Perla",
      "product_url": "https://wolt.com/cs/cze/prague/venue/albert-vinohradska/perla-origins-sumatra-zrnkova-kava-itemid-64ca0b7cba162577de48a5ba",
      "image_url": "https://imageproxy.wolt.com/menu/menu-images/63ad795db242366d1f818f36/71729e32-4e4d-11ef-8f87-ee0d8c12bcb3_27577936.jpg",
      "categories": [
        "NÁPOJE",
        "KÁVA A ČAJ"
      ],
      "prices": [
        {
          "store_name": "Albert",
          "price": 279.0,
          "original_price": null,
          "unit_price": 558.0,
          "unit": "Kg",
          "package_size": "500 g",
          "condition": null
        }
      ],
      "description": null
    },
    {
      "name": "Albert Věnečky žloutkové",
      "brand": "Albert",
      "product_url": "https://wolt.com/cs/cze/prague/venue/albert-vinohradska/albert-venecky-zloutkove-itemid-64ca0b7cba162577de4894f2",
      "image_url": "https://imageproxy.wolt.com/menu/menu-images/64ffec4406cca0140dfab831/9cfbcd4a-8eb2-11ee-806b-76d8d681f910_24840798.jpg",
      "categories": [
        "TRVANLIVÉ",
        "SLADKOSTI"
      ],
      "prices": [
        {
          "store_name": "Albert",
          "price": 24.9,
          "original_price": null,
          "unit_price": 166.0,
          "unit": "Kg",
          "package_size": "150 g",
          "condition": null
        }
      ],
      "description": null
    },
    {
      "name": "Opavia Miňonky se smetanovou příchutí",
      "brand": "Opavia",
      "product_url": "https://wolt.com/cs/cze/prague/venue/albert-vinohradska/opavia-minonky-se-smetanovou-prichuti-itemid-64ca0b7cba162577de4888fb",
      "image_url": "https://imageproxy.wolt.com/menu/menu-images/63ad795db242366d1f818f36/d2fb6b9e-5efa-11ef-bda2-2e7eda0545f6_20316716.jpg",
      "categories": [
        "TRVANLIVÉ",
        "SLADKOSTI"
      ],
      "prices": [
        {
          "store_name": "Albert",
          "price": 18.9,
          "original_price": null,
          "unit_price": 378.0,
          "unit": "Kg",
          "package_size": "50 g",
          "condition": null
        }
      ],
      "description": null
    },
    {
      "name": "Braník světlé výčepní",
      "brand": "Braník",
      "product_url": "https://wolt.com/cs/cze/prague/venue/albert-vinohradska/branik-svetle-vycepni-itemid-64ca0b7cba162577de489196",
      "image_url": "https://imageproxy.wolt.com/menu/menu-images/64ffec4406cca0140dfab831/5e96fe8e-8eae-11ee-9f26-3e53a922e9b0_22269430.jpg",
      "categories": [
        "NÁPOJE",
        "PIVA"
      ],
      "prices": [
        {
          "store_name": "Albert",
          "price": 19.9,
          "original_price": null,
          "unit_price": 39.8,
          "unit": "l",
          "package_size": "500 ml, 4,1% alc",
          "condition": "18+"
        }
      ],
      "description": null
    },
    {
      "name": "Nature's Promise Jogurt bílý bez laktózy",
      "brand": "Nature's Promise",
      "product_url": "https://wolt.com/cs/cze/prague/venue/albert-vinohradska/nature-s-promise-jogurt-bily-bez-laktozy-itemid-64ca0b7cba162577de4890c2",
      "image_url": "https://imageproxy.wolt.com/menu/menu-images/64ffec4406cca0140dfab831/55bfaf44-8ebe-11ee-8a8b-a28724a7b713_27023440.jpg",
      "categories": [
        "MLÉČNÉ A CHLAZENÉ",
        "JOGURTY A DEZERTY"
      ],
      "prices": [
        {
          "store_name": "Albert",
          "price": null,
          "original_price": null,
          "unit_price": 99.33,
          "unit": "Kg",
          "package_size": "150 g",
          "condition": "Sleva"
        }
      ],
      "description": null
    },
    {
      "name": "Zámecké Vinařství Bzenec Ryzlink vlašský",
      "brand": "Zámecké",
      "product_url": "https://wolt.com/cs/cze/prague/venue/albert-vinohradska/zamecke-vinarstvi-bzenec-ryzlink-vlassky-itemid-657233256818b938df948626",
      "image_url": "https://imageproxy.wolt.com/menu/menu-images/63ad795db242366d1f818f36/665df0be-e818-11ee-8b77-825165eeb9ef_27134610.jpg",
      "categories": [
        "NÁPOJE",
        "VÍNA"
      ],
      "prices": [
        {
          "store_name": "Albert",
          "price": 99.9,
          "original_price": null,
          "unit_price": 133.2,
          "unit": "l",
          "package_size": "750 ml, 12,5% alc",
          "condition": "18+"
        }
      ],
      "description": null
    },
    {
      "name": "Ölz Vánočka",
      "brand": "Ölz",
      "product_url": "https://wolt.com/cs/cze/prague/venue/albert-vinohradska/olz-vanocka-itemid-657233256818b938df94784e",
      "image_url": "https://imageproxy.wolt.com/menu/menu-images/64ffec4406cca0140dfab831/36f7c3f2-8eba-11ee-8a66-2a867062f6f7_26586199.jpg",
      "categories": [
        "PEKÁRNA A CUKRÁRNA",
        "SLADKÉ PEČIVO BALENÉ"
      ],
      "prices": [
        {
          "store_name": "Albert",
          "price": 63.9,
          "original_price": null,
          "unit_price": 127.8,
          "unit": "Kg",
          "package_size": "500 g",
          "condition": null
        }
      ],
      "description": null
    },
    {
      "name": "Dove Men Clean Antiperspirant sprej",
      "brand": "Dove",
      "product_url": "https://wolt.com/cs/cze/prague/venue/albert-vinohradska/dove-men-clean-antiperspirant-sprej-itemid-64ca0b7cba162577de488f7f",
      "image_url": "https://imageproxy.wolt.com/menu/menu-images/64ffec4406cca0140dfab831/556538b2-8eb3-11ee-b46c-feea992db910_25012613.jpg",
      "categories": [
        "DROGERIE A KOSMETIKA",
        "PÁNSKÁ KOSMETIKA"
      ],
      "prices": [
        {
          "store_name": "Albert",
          "price": 89.9,
          "original_price": null,
          "unit_price": 599.33,
          "unit": "l",
          "package_size": "150 ml",
          "condition": null
        }
      ],
      "description": null
    },
    {
      "name": "Albert Excellent Pikantní salámek s chilli",
      "brand": "Albert Excellent",
      "product_url": "https://wolt.com/cs/cze/prague/venue/albert-vinohradska/albert-excellent-pikantni-salamek-s-chilli-itemid-657233256818b938df948c27",
      "image_url": "https://imageproxy.wolt.com/menu/menu-images/64ffec4406cca0140dfab831/4cc4beee-8ec7-11ee-bd14-52a4ddf1765f_27651339.jpg",
      "categories": [
        "UZENINY A LAHŮDKY",
        "SALÁMY"
      ],
      "prices": [
        {
          "store_name": "Albert",
          "price": 59.9,
          "original_price": null,
          "unit_price": 570.48,
          "unit": "Kg",
          "package_size": "105 g",
          "condition": null
        }
      ],
      "description": null
    },
    {
      "name": "Nescafé Dolce Gusto Chococino kapsle",
      "brand": "Nescafé",
      "product_url": "https://wolt.com/cs/cze/prague/venue/albert-vinohradska/nescafe-dolce-gusto-chococino-kapsle-itemid-64ca0b7cba162577de4899ea",
      "image_url": "https://imageproxy.wolt.com/menu/menu-images/64ffec4406cca0140dfab831/c9c80880-8eb1-11ee-8eb1-4ac825cfc539_24543019.jpg",
      "categories": [
        "NÁPOJE",
        "KÁVA A ČAJ"
      ],
      "prices": [
        {
          "store_name": "Albert",
          "price": 149.9,
          "original_price": null,
          "unit_price": 9.37,
          "unit": "ks",
          "package_size": "‪16‬ kusů",
          "condition": null
        }
      ],
      "description": null
    },
    {
      "name": "Vitana Tekutý bujón hovězí",
      "brand": "Vitana",
      "product_url": "https://wolt.com/cs/cze/prague/venue/albert-vinohradska/vitana-tekuty-bujon-hovezi-itemid-6601e23c0bae2536349f15dd",
      "image_url": "https://imageproxy.wolt.com/menu/menu-images/6601c613e48d1c8d95333085/fdc5ba9e-eae4-11ee-a0ce-a2932bff438e_27749975.jpg",
      "categories": [
        "TRVANLIVÉ",
        "KOŘENÍ A OCHUCOVADLA"
      ],
      "prices": [
        {
          "store_name": "Albert",
          "price": 65.9,
          "original_price": null,
          "unit_price": 366.11,
          "unit": "l",
          "package_size": "180 ml",
          "condition": null
        }
      ],
      "description": null
    },
    {
      "name": "Finlandia vodka 40%",
      "brand": "Finlandia",
      "product_url": "https://wolt.com/cs/cze/prague/venue/albert-vinohradska/finlandia-vodka-40-itemid-64ca0b7cba162577de488bb3",
      "image_url": "https://imageproxy.wolt.com/menu/menu-images/64ffec4406cca0140dfab831/35f1d71c-8eac-11ee-8d4c-9efff91d0ab5_20299903.jpg",
      "categories": [
        "NÁPOJE",
        "LIHOVINY"
      ],
      "prices": [
        {
          "store_name": "Albert",
          "price": 499.0,
          "original_price": null,
          "unit_price": 712.86,
          "unit": "l",
          "package_size": "700 ml, 40% alc",
          "condition": "18+"
        }
      ],
      "description": null
    },
    {
      "name": "Albert Hrozny bílé bezsemenné",
      "brand": "Albert",
      "product_url": "https://wolt.com/cs/cze/prague/venue/albert-vinohradska/albert-hrozny-bile-bezsemenne-itemid-64ca0b7cba162577de4881cb",
      "image_url": "https://imageproxy.wolt.com/menu/menu-images/63ad795db242366d1f818f36/66cdd77c-cca1-11ee-a608-5e3197b4a6e8_23717077.jpg",
      "categories": [
        "OVOCE A ZELENINA",
        "OVOCE"
      ],
      "prices": [
        {
          "store_name": "Albert",
          "price": null,
          "original_price": null,
          "unit_price": 89.8,
          "unit": "Kg",
          "package_size": "500 g",
          "condition": "Sleva"
        }
      ],
      "description": null
    },
    {
      "name": "Albert Duetky s náplní tvarohovou a makovou",
      "brand": "Albert",
      "product_url": "https://wolt.com/cs/cze/prague/venue/albert-vinohradska/albert-duetky-s-naplni-tvarohovou-a-makovou-itemid-64ca0b7cba162577de489099",
      "image_url": "https://imageproxy.wolt.com/menu/menu-images/64ffec4406cca0140dfab831/1952a210-8eb3-11ee-b173-ca3c3355ab39_24955515.jpg",
      "categories": [
        "PEKÁRNA A CUKRÁRNA",
        "SLADKÉ PEČIVO BALENÉ"
      ],
      "prices": [
        {
          "store_name": "Albert",
          "price": null,
          "original_price": null,
          "unit_price": 135.91,
          "unit": "Kg",
          "package_size": "220 g",
          "condition": "Sleva"
        }
      ],
      "description": null
    },
    {
      "name": "Nivea Men Sport sprchový gel",
      "brand": "Nivea",
      "product_url": "https://wolt.com/cs/cze/prague/venue/albert-vinohradska/nivea-men-sport-sprchovy-gel-itemid-64ca0b7cba162577de488f87",
      "image_url": "https://imageproxy.wolt.com/menu/menu-images/63ad795db242366d1f818f36/895514d0-bbe4-11ef-a397-7ad93daf1ac0_24428620.jpg",
      "categories": [
        "DROGERIE A KOSMETIKA",
        "MÝDLA A GELY"
      ],
      "prices": [
        {
          "store_name": "Albert",
          "price": 74.9,
          "original_price": null,
          "unit_price": 299.6,
          "unit": "l",
          "package_size": "250 ml",
          "condition": "Vyprodáno"
        }
      ],
      "description": null
    },
    {
      "name": "Beefeater Pink 37,5%",
      "brand": "Beefeater",
      "product_url": "https://wolt.com/cs/cze/prague/venue/albert-vinohradska/beefeater-pink-37-5-itemid-64ca0b7cba162577de488961",
      "image_url": "https://imageproxy.wolt.com/menu/menu-images/64ffec4406cca0140dfab831/2c2c6cf8-8ebe-11ee-9228-fe8631c3d5e9_26995823.jpg",
      "categories": [
        "NÁPOJE",
        "LIHOVINY"
      ],
      "prices": [
        {
          "store_name": "Albert",
          "price": 509.0,
          "original_price": null,
          "unit_price": 727.14,
          "unit": "l",
          "package_size": "700 ml, 37,5% alc",
          "condition": "18+"
        }
      ],
      "description": null
    },
    {
      "name": "Albert Eidam 30% blok na smažení",
      "brand": "Albert",
      "product_url": "https://wolt.com/cs/cze/prague/venue/albert-vinohradska/albert-eidam-30-blok-na-smazeni-itemid-64ca0b7cba162577de488281",
      "image_url": "https://imageproxy.wolt.com/menu/menu-images/64ffec4406cca0140dfab831/22c69fea-8ebd-11ee-bda2-362baa77ef89_26916088.jpg",
      "categories": [
        "MLÉČNÉ A CHLAZENÉ",
        "SÝRY"
      ],
      "prices": [
        {
          "store_name": "Albert",
          "price": 39.9,
          "original_price": null,
          "unit_price": 199.5,
          "unit": "Kg",
          "package_size": "200 g",
          "condition": null
        }
      ],
      "description": null
    },
    {
      "name": "Emma Pohankové lupínky natural",
      "brand": "Emma",
      "product_url": "https://wolt.com/cs/cze/prague/venue/albert-vinohradska/emma-pohankove-lupinky-natural-itemid-64ca0b7cba162577de488847",
      "image_url": "https://imageproxy.wolt.com/menu/menu-images/63ad795db242366d1f818f36/5d10ac4a-bbe4-11ef-bd00-265e6ad0e71d_26255248.jpg",
      "categories": [
        "TRVANLIVÉ",
        "MÜSLI A CEREÁLIE"
      ],
      "prices": [
        {
          "store_name": "Albert",
          "price": 29.9,
          "original_price": null,
          "unit_price": 119.6,
          "unit": "Kg",
          "package_size": "250 g",
          "condition": null
        }
      ],
      "description": null
    },
    {
      "name": "Meggle Bylinkové máslo original",
      "brand": "Meggle",
      "product_url": "https://wolt.com/cs/cze/prague/venue/albert-vinohradska/meggle-bylinkove-maslo-original-itemid-657233256818b938df948727",
      "image_url": "https://imageproxy.wolt.com/menu/menu-images/64ffec4406cca0140dfab831/2e801d40-8eac-11ee-8222-faa0c7b9848f_20297732.jpg",
      "categories": [
        "MLÉČNÉ A CHLAZENÉ",
        "MÁSLO A TUKY"
      ],
      "prices": [
        {
          "store_name": "Albert",
          "price": 69.9,
          "original_price": null,
          "unit_price": 559.2,
          "unit": "Kg",
          "package_size": "125 g",
          "condition": null
        }
      ],
      "description": null
    },
    {
      "name": "Pickwick Zelený čaj",
      "brand": "Pickwick",
      "product_url": "https://wolt.com/cs/cze/prague/venue/albert-vinohradska/pickwick-zeleny-caj-itemid-64ca0b7cba162577de48981f",
      "image_url": "https://imageproxy.wolt.com/menu/menu-images/63ad795db242366d1f818f36/92b7746e-bbe4-11ef-a8b3-1a716a7cd6f8_23963764.jpg",
      "categories": [
        "NÁPOJE",
        "KÁVA A ČAJ"
      ],
      "prices": [
        {
          "store_name": "Albert",
          "price": 32.9,
          "original_price": null,
          "unit_price": 1096.67,
          "unit": "Kg",
          "package_size": "30 g",
          "condition": null
        }
      ],
      "description": null
    },
    {
      "name": "Mleté maso vepřové 20 % tuku",
      "brand": "Mleté",
      "product_url": "https://wolt.com/cs/cze/prague/venue/albert-vinohradska/mlete-maso-veprove-20-tuku-itemid-64ca0b7cba162577de4886cb",
      "image_url": "https://imageproxy.wolt.com/menu/menu-images/63ad795db242366d1f818f36/1c884e18-7826-11f0-819a-b2a0dd4bf7db_25535150.jpg",
      "categories": [
        "MASO A RYBY",
        "VEPŘOVÉ"
      ],
      "prices": [
        {
          "store_name": "Albert",
          "price": null,
          "original_price": null,
          "unit_price": 135.21,
          "unit": "Kg",
          "package_size": "480 g",
          "condition": "Sleva"
        }
      ],
      "description": null
    },
    {
      "name": "Madeta Jihočeský eidam uzený 44% plátky",
      "brand": "Madeta",
      "product_url": "https://wolt.com/cs/cze/prague/venue/albert-vinohradska/madeta-jihocesky-eidam-uzeny-44-platky-itemid-64ca0b7cba162577de48906a",
      "image_url": "https://imageproxy.wolt.com/menu/menu-images/64ffec4406cca0140dfab831/161a1a76-8eac-11ee-a5cd-0ad9bf6baf5b_20294342.jpg",
      "categories": [
        "MLÉČNÉ A CHLAZENÉ",
        "SÝRY"
      ],
      "prices": [
        {
          "store_name": "Albert",
          "price": 34.9,
          "original_price": null,
          "unit_price": 349.0,
          "unit": "Kg",
          "package_size": "100 g",
          "condition": null
        }
      ],
      "description": null
    },
    {
      "name": "Franz Josef Kaiser Tuňák steak v olivovém oleji",
      "brand": "Franz Josef Kaiser",
      "product_url": "https://wolt.com/cs/cze/prague/venue/albert-vinohradska/franz-josef-kaiser-tunak-steak-v-olivovem-oleji-itemid-681b5abffcbd67bf7a8f4b52",
      "image_url": "https://imageproxy.wolt.com/menu/menu-images/63ad795db242366d1f818f36/3e03325a-2b47-11f0-89a7-aaad154e406e_27450178.jpg",
      "categories": [
        "TRVANLIVÉ",
        "KONZERVOVANÉ POTR."
      ],
      "prices": [
        {
          "store_name": "Albert",
          "price": 44.9,
          "original_price": null,
          "unit_price": 299.33,
          "unit": "Kg",
          "package_size": "150 g",
          "condition": null
        }
      ],
      "description": null
    },
    {
      "name": "Lučina & Skyr",
      "brand": "Lučina",
      "product_url": "https://wolt.com/cs/cze/prague/venue/albert-vinohradska/lucina-skyr-itemid-657233256818b938df948b43",
      "image_url": "https://imageproxy.wolt.com/menu/menu-images/64ffec4406cca0140dfab831/3a4dcd26-8ec4-11ee-8b76-46cce9f42bfe_27454787.jpg",
      "categories": [
        "MLÉČNÉ A CHLAZENÉ",
        "SÝRY"
      ],
      "prices": [
        {
          "store_name": "Albert",
          "price": 46.9,
          "original_price": null,
          "unit_price": 390.83,
          "unit": "Kg",
          "package_size": "120 g",
          "condition": null
        }
      ],
      "description": null
    },
    {
      "name": "Albert Kuřecí junior",
      "brand": "Albert",
      "product_url": "https://wolt.com/cs/cze/prague/venue/albert-vinohradska/albert-kureci-junior-itemid-64ca0b7cba162577de489208",
      "image_url": "https://imageproxy.wolt.com/menu/menu-images/64ffec4406cca0140dfab831/0f704f26-8ebe-11ee-a48c-2ef6707f48ec_26988412.jpg",
      "categories": [
        "UZENINY A LAHŮDKY",
        "SALÁMY"
      ],
      "prices": [
        {
          "store_name": "Albert",
          "price": 39.9,
          "original_price": null,
          "unit_price": 99.75,
          "unit": "Kg",
          "package_size": "400 g",
          "condition": null
        }
      ],
      "description": null
    },
    {
      "name": "Ludwig Rulandské šedé",
      "brand": "Ludwig",
      "product_url": "https://wolt.com/cs/cze/prague/venue/albert-vinohradska/ludwig-rulandske-sede-itemid-64ca0b7cba162577de489855",
      "image_url": "https://imageproxy.wolt.com/menu/menu-images/64ffec4406cca0140dfab831/9aca06b0-8eb5-11ee-a4ea-662d260bbeaa_25587401.jpg",
      "categories": [
        "NÁPOJE",
        "VÍNA"
      ],
      "prices": [
        {
          "store_name": "Albert",
          "price": 79.9,
          "original_price": null,
          "unit_price": 106.53,
          "unit": "l",
          "package_size": "750 ml, 11,5% alc",
          "condition": "18+"
        }
      ],
      "description": null
    },
    {
      "name": "Kotányi Bobkový list celý",
      "brand": "Kotányi",
      "product_url": "https://wolt.com/cs/cze/prague/venue/albert-vinohradska/kotanyi-bobkovy-list-cely-itemid-64ca0b7cba162577de489278",
      "image_url": "https://imageproxy.wolt.com/menu/menu-images/64ffec4406cca0140dfab831/9bb8eb0c-8ead-11ee-84e0-361f92ce8d2c_20952938.jpg",
      "categories": [
        "TRVANLIVÉ",
        "KOŘENÍ A OCHUCOVADLA"
      ],
      "prices": [
        {
          "store_name": "Albert",
          "price": null,
          "original_price": null,
          "unit_price": 3180.0,
          "unit": "Kg",
          "package_size": "5 g",
          "condition": "Sleva"
        }
      ],
      "description": null
    },
    {
      "name": "Gambrinus Patron 12 světlý ležák",
      "brand": "Gambrinus",
      "product_url": "https://wolt.com/cs/cze/prague/venue/albert-vinohradska/gambrinus-patron-12-svetly-lezak-itemid-64ca0b7cba162577de4891e1",
      "image_url": "https://imageproxy.wolt.com/menu/menu-images/64ffec4406cca0140dfab831/83437142-8ebb-11ee-a347-92f467c0c86c_26776637.jpg",
      "categories": [
        "NÁPOJE",
        "PIVA"
      ],
      "prices": [
        {
          "store_name": "Albert",
          "price": 17.9,
          "original_price": null,
          "unit_price": 35.8,
          "unit": "l",
          "package_size": "500 ml, 5,2% alc",
          "condition": "18+"
        }
      ],
      "description": null
    },
    {
      "name": "Mississippi Burger ORIGINAL",
      "brand": "Mississippi",
      "product_url": "https://wolt.com/cs/cze/prague/venue/albert-vinohradska/mississippi-burger-original-itemid-64ca0b7cba162577de489b3a",
      "image_url": "https://imageproxy.wolt.com/menu/menu-images/64ffec4406cca0140dfab831/7125c31e-8ec7-11ee-b219-fedb83882cb3_27658536.jpg",
      "categories": [
        "TRVANLIVÉ",
        "KEČUPY A HOŘČICE"
      ],
      "prices": [
        {
          "store_name": "Albert",
          "price": 89.9,
          "original_price": null,
          "unit_price": 299.67,
          "unit": "Kg",
          "package_size": "300 g",
          "condition": null
        }
      ],
      "description": null
    },
    {
      "name": "Geisha Čokoládová tyčinka mléčná",
      "brand": "Geisha",
      "product_url": "https://wolt.com/cs/cze/prague/venue/albert-vinohradska/geisha-cokoladova-tycinka-mlecna-itemid-657233256818b938df948500",
      "image_url": "https://imageproxy.wolt.com/menu/menu-images/64ffec4406cca0140dfab831/a99af3fe-8eb3-11ee-ab1f-2e3db4b64128_25093803.jpg",
      "categories": [
        "TRVANLIVÉ",
        "SLADKOSTI"
      ],
      "prices": [
        {
          "store_name": "Albert",
          "price": 27.9,
          "original_price": null,
          "unit_price": 754.05,
          "unit": "Kg",
          "package_size": "37 g",
          "condition": null
        }
      ],
      "description": null
    },
    {
      "name": "Antica cantina Burrito koření",
      "brand": "Antica",
      "product_url": "https://wolt.com/cs/cze/prague/venue/albert-vinohradska/antica-cantina-burrito-koreni-itemid-64ca0b7cba162577de48a65c",
      "image_url": "https://imageproxy.wolt.com/menu/menu-images/64ffec4406cca0140dfab831/6b621912-8ec4-11ee-a291-2289f94b8ae4_27471616.jpg",
      "categories": [
        "TRVANLIVÉ",
        "MEZINÁRODNÍ KUCHYNĚ"
      ],
      "prices": [
        {
          "store_name": "Albert",
          "price": 38.9,
          "original_price": null,
          "unit_price": 972.5,
          "unit": "Kg",
          "package_size": "40 g",
          "condition": null
        }
      ],
      "description": null
    },
    {
      "name": "Capri-Sun Safari Fruits",
      "brand": "Capri-Sun",
      "product_url": "https://wolt.com/cs/cze/prague/venue/albert-vinohradska/capri-sun-safari-fruits-itemid-64ca0b7cba162577de489626",
      "image_url": "https://imageproxy.wolt.com/menu/menu-images/64ffec4406cca0140dfab831/56ff8200-8ead-11ee-a3b5-067f756def6c_20741358.jpg",
      "categories": [
        "NÁPOJE",
        "DŽUSY A NEKTARY"
      ],
      "prices": [
        {
          "store_name": "Albert",
          "price": 13.9,
          "original_price": null,
          "unit_price": 69.5,
          "unit": "l",
          "package_size": "200 ml",
          "condition": null
        }
      ],
      "description": null
    },
    {
      "name": "Gustona Džem jahoda extra",
      "brand": "Gustona",
      "product_url": "https://wolt.com/cs/cze/prague/venue/albert-vinohradska/gustona-dzem-jahoda-extra-itemid-657233256818b938df9483f4",
      "image_url": "https://imageproxy.wolt.com/menu/menu-images/63ad795db242366d1f818f36/416e06c8-7fed-11ef-b0df-5ef9d3543f40_27794210.jpg",
      "categories": [
        "TRVANLIVÉ",
        "MEDY A SL. POMAZÁNKY"
      ],
      "prices": [
        {
          "store_name": "Albert",
          "price": 49.9,
          "original_price": null,
          "unit_price": 110.89,
          "unit": "Kg",
          "package_size": "450 g",
          "condition": null
        }
      ],
      "description": null
    },
    {
      "name": "Boneco Tatarská omáčka",
      "brand": "Boneco",
      "product_url": "https://wolt.com/cs/cze/prague/venue/albert-vinohradska/boneco-tatarska-omacka-itemid-681b5abffcbd67bf7a8f49d4",
      "image_url": "https://imageproxy.wolt.com/menu/menu-images/63ad795db242366d1f818f36/bec2b078-2b47-11f0-8d84-ba04dab492bf_27967621.jpg",
      "categories": [
        "MLÉČNÉ A CHLAZENÉ",
        "MAJONÉZY A TATARKY"
      ],
      "prices": [
        {
          "store_name": "Albert",
          "price": 89.9,
          "original_price": null,
          "unit_price": 179.8,
          "unit": "l",
          "package_size": "500 ml",
          "condition": null
        }
      ],
      "description": null
    },
    {
      "name": "Felix Soup Original hovězí, kuřecí, jehněčí",
      "brand": "Felix",
      "product_url": "https://wolt.com/cs/cze/prague/venue/albert-vinohradska/felix-soup-original-hovezi-kureci-jehneci-itemid-657233256818b938df9483e2",
      "image_url": "https://imageproxy.wolt.com/menu/menu-images/64ffec4406cca0140dfab831/c9050432-8ec2-11ee-9faa-4eeff7c63e9c_27324042.jpg",
      "categories": [
        "ZVÍŘATA",
        "KOČKY"
      ],
      "prices": [
        {
          "store_name": "Albert",
          "price": 53.9,
          "original_price": null,
          "unit_price": 187.15,
          "unit": "Kg",
          "package_size": "288 g",
          "condition": null
        }
      ],
      "description": null
    },
    {
      "name": "Chléb Šumava",
      "brand": "Chléb",
      "product_url": "https://wolt.com/cs/cze/prague/venue/albert-vinohradska/chleb-sumava-itemid-64ca0b7cba162577de4885e1",
      "image_url": "https://imageproxy.wolt.com/menu/menu-images/63ad795db242366d1f818f36/78db1d76-aef6-11ee-b96e-42aa4acd652f_20480882.jpg",
      "categories": [
        "PEKÁRNA A CUKRÁRNA",
        "CHLÉB VOLNÝ"
      ],
      "prices": [
        {
          "store_name": "Albert",
          "price": 44.9,
          "original_price": null,
          "unit_price": 37.42,
          "unit": "Kg",
          "package_size": "1,2 kg",
          "condition": null
        }
      ],
      "description": null
    },
    {
      "name": "Nivea krém",
      "brand": "Nivea",
      "product_url": "https://wolt.com/cs/cze/prague/venue/albert-vinohradska/nivea-krem-itemid-64ca0b7cba162577de488e67",
      "image_url": "https://imageproxy.wolt.com/menu/menu-images/64ffec4406cca0140dfab831/ce626b88-8eac-11ee-b89a-f6745e48ee46_20329365.jpg",
      "categories": [
        "DROGERIE A KOSMETIKA",
        "PÉČE O PLEŤ"
      ],
      "prices": [
        {
          "store_name": "Albert",
          "price": 189.0,
          "original_price": null,
          "unit_price": 756.0,
          "unit": "l",
          "package_size": "250 ml",
          "condition": null
        }
      ],
      "description": null
    },
    {
      "name": "Opavia Miňonky kakaové",
      "brand": "Opavia",
      "product_url": "https://wolt.com/cs/cze/prague/venue/albert-vinohradska/opavia-minonky-kakaove-itemid-64ca0b7cba162577de48903a",
      "image_url": "https://imageproxy.wolt.com/menu/menu-images/63ad795db242366d1f818f36/d5c803be-5efa-11ef-a8db-f616e01ca60e_20300395.jpg",
      "categories": [
        "TRVANLIVÉ",
        "SLADKOSTI"
      ],
      "prices": [
        {
          "store_name": "Albert",
          "price": 18.9,
          "original_price": null,
          "unit_price": 378.0,
          "unit": "Kg",
          "package_size": "50 g",
          "condition": null
        }
      ],
      "description": null
    },
    {
      "name": "Salát římský",
      "brand": null,
      "product_url": "https://wolt.com/cs/cze/prague/venue/albert-vinohradska/salat-rimsky-itemid-64ca0b7cba162577de48932d",
      "image_url": "https://imageproxy.wolt.com/menu/menu-images/64ffec4406cca0140dfab831/e87500de-8ead-11ee-bd73-ca6029740ad7_21443565.jpg",
      "categories": [
        "OVOCE A ZELENINA",
        "ZELENINA"
      ],
      "prices": [
        {
          "store_name": "Albert",
          "price": 29.9,
          "original_price": null,
          "unit_price": 29.9,
          "unit": "ks",
          "package_size": "‪1‬ kus",
          "condition": null
        }
      ],
      "description": null
    },
    {
      "name": "Zlatý Bažant ležák světlý",
      "brand": "Zlatý",
      "product_url": "https://wolt.com/cs/cze/prague/venue/albert-vinohradska/zlaty-bazant-lezak-svetly-itemid-64ca0b7cba162577de489495",
      "image_url": "https://imageproxy.wolt.com/menu/menu-images/63ad795db242366d1f818f36/85e02c9c-10f7-11ef-a22d-0669610e4ff8_26442617.jpg",
      "categories": [
        "NÁPOJE",
        "PIVA"
      ],
      "prices": [
        {
          "store_name": "Albert",
          "price": 26.9,
          "original_price": null,
          "unit_price": 53.8,
          "unit": "l",
          "package_size": "500 ml, 5% alc",
          "condition": "18+"
        }
      ],
      "description": null
    },
    {
      "name": "Ehrmann High Protein pudink lískooříškový",
      "brand": "Ehrmann",
      "product_url": "https://wolt.com/cs/cze/prague/venue/albert-vinohradska/ehrmann-high-protein-pudink-liskooriskovy-itemid-657233256818b938df947d42",
      "image_url": "https://imageproxy.wolt.com/menu/menu-images/63ad795db242366d1f818f36/279fb33a-2b47-11f0-9735-deaa18cb583f_27137741.jpg",
      "categories": [
        "MLÉČNÉ A CHLAZENÉ",
        "JOGURTY A DEZERTY"
      ],
      "prices": [
        {
          "store_name": "Albert",
          "price": 53.9,
          "original_price": null,
          "unit_price": 269.5,
          "unit": "Kg",
          "package_size": "200 g",
          "condition": null
        }
      ],
      "description": null
    },
    {
      "name": "Česká chuť Zelí červené",
      "brand": "Česká chuť",
      "product_url": "https://wolt.com/cs/cze/prague/venue/albert-vinohradska/ceska-chut-zeli-cervene-itemid-64ca0b7cba162577de489182",
      "image_url": "https://imageproxy.wolt.com/menu/menu-images/64ffec4406cca0140dfab831/eed0a5c8-8ebc-11ee-864e-36c5709726f2_26890364.jpg",
      "categories": [
        "TRVANLIVÉ",
        "KONZERVOVANÉ POTR."
      ],
      "prices": [
        {
          "store_name": "Albert",
          "price": 33.9,
          "original_price": null,
          "unit_price": 94.17,
          "unit": "Kg",
          "package_size": "360 g",
          "condition": null
        }
      ],
      "description": null
    },
    {
      "name": "Relax 100% jablko a hruška",
      "brand": "Relax",
      "product_url": "https://wolt.com/cs/cze/prague/venue/albert-vinohradska/relax-100-jablko-a-hruska-itemid-657233256818b938df94790f",
      "image_url": "https://imageproxy.wolt.com/menu/menu-images/64ffec4406cca0140dfab831/18c28174-8eba-11ee-9e59-7217cc85b990_26563503.jpg",
      "categories": [
        "NÁPOJE",
        "DŽUSY A NEKTARY"
      ],
      "prices": [
        {
          "store_name": "Albert",
          "price": 34.9,
          "original_price": null,
          "unit_price": 34.9,
          "unit": "l",
          "package_size": "1 l",
          "condition": null
        }
      ],
      "description": null
    },
    {
      "name": "Pickwick Heřmánek",
      "brand": "Pickwick",
      "product_url": "https://wolt.com/cs/cze/prague/venue/albert-vinohradska/pickwick-hermanek-itemid-64ca0b7cba162577de48a329",
      "image_url": "https://imageproxy.wolt.com/menu/menu-images/64ffec4406cca0140dfab831/73d7c992-8eb6-11ee-a5ca-1627932f216d_25753059.jpg",
      "categories": [
        "NÁPOJE",
        "KÁVA A ČAJ"
      ],
      "prices": [
        {
          "store_name": "Albert",
          "price": 45.9,
          "original_price": null,
          "unit_price": 1530.0,
          "unit": "Kg",
          "package_size": "30 g",
          "condition": null
        }
      ],
      "description": null
    },
    {
      "name": "Albert Sedlácká šunka",
      "brand": "Albert",
      "product_url": "https://wolt.com/cs/cze/prague/venue/albert-vinohradska/albert-sedlacka-sunka-itemid-64ca0b7cba162577de48913c",
      "image_url": "https://imageproxy.wolt.com/menu/menu-images/64ffec4406cca0140dfab831/93673858-8eb9-11ee-98d0-76d8d681f910_26453934.jpg",
      "categories": [
        "UZENINY A LAHŮDKY",
        "ŠUNKY A SLANINY"
      ],
      "prices": [
        {
          "store_name": "Albert",
          "price": 44.9,
          "original_price": null,
          "unit_price": 449.0,
          "unit": "Kg",
          "package_size": "100 g",
          "condition": null
        }
      ],
      "description": null
    },
    {
      "name": "Raid Past proti potravinovým molům",
      "brand": "Raid",
      "product_url": "https://wolt.com/cs/cze/prague/venue/albert-vinohradska/raid-past-proti-potravinovym-molum-itemid-657233256818b938df94876d",
      "image_url": "https://imageproxy.wolt.com/menu/menu-images/64ffec4406cca0140dfab831/d52f36fe-8eb5-11ee-904b-c6aa6b123400_25640496.jpg",
      "categories": [
        "DOMÁCNOST A ZAHRADA",
        "DŮM A BYT"
      ],
      "prices": [
        {
          "store_name": "Albert",
          "price": 149.9,
          "original_price": null,
          "unit_price": 49.97,
          "unit": "ks",
          "package_size": "‪3‬ kusů",
          "condition": "Vyprodáno"
        }
      ],
      "description": null
    },
    {
      "name": "Albert Proteinová kaše s příchutí čokolády",
      "brand": "Albert",
      "product_url": "https://wolt.com/cs/cze/prague/venue/albert-vinohradska/albert-proteinova-kase-s-prichuti-cokolady-itemid-64ca0b7cba162577de48893f",
      "image_url": "https://imageproxy.wolt.com/menu/menu-images/64ffec4406cca0140dfab831/5994b798-8ec5-11ee-ab18-fedb83882cb3_27537374.jpg",
      "categories": [
        "TRVANLIVÉ",
        "MÜSLI A CEREÁLIE"
      ],
      "prices": [
        {
          "store_name": "Albert",
          "price": null,
          "original_price": null,
          "unit_price": 231.67,
          "unit": "Kg",
          "package_size": "60 g",
          "condition": "Sleva, Vyprodáno"
        }
      ],
      "description": null
    },
    {
      "name": "Albert Excellent Burratina sýr",
      "brand": "Albert Excellent",
      "product_url": "https://wolt.com/cs/cze/prague/venue/albert-vinohradska/albert-excellent-burratina-syr-itemid-69309ace56094a48f214fd49",
      "image_url": "https://imageproxy.wolt.com/menu/menu-images/63ad795db242366d1f818f36/9b79de0c-2b47-11f0-9c2f-2e2a102d9ad7_27934654.jpg",
      "categories": [
        "MLÉČNÉ A CHLAZENÉ",
        "SÝRY"
      ],
      "prices": [
        {
          "store_name": "Albert",
          "price": 49.9,
          "original_price": null,
          "unit_price": 499.0,
          "unit": "Kg",
          "package_size": "100 g",
          "condition": "Vyprodáno"
        }
      ],
      "description": null
    },
    {
      "name": "Albert Pizza Prosciutto",
      "brand": "Albert",
      "product_url": "https://wolt.com/cs/cze/prague/venue/albert-vinohradska/albert-pizza-prosciutto-itemid-6876153a0c6218e9f3e5f40c",
      "image_url": "https://imageproxy.wolt.com/menu/menu-images/64b62ec5e5ab70cdc92e30f0/e337ed94-616e-11f0-bd2d-660a704eb9e3_24422727.jpg",
      "categories": [
        "MRAŽENÉ POTRAVINY",
        "MRAŽENÁ PIZZA A HOTOVÁ JÍDLA"
      ],
      "prices": [
        {
          "store_name": "Albert",
          "price": 52.9,
          "original_price": null,
          "unit_price": 162.77,
          "unit": "Kg",
          "package_size": "325 g",
          "condition": "Vyprodáno"
        }
      ],
      "description": null
    },
    {
      "name": "Habánské Sklepy Ryzlink rýnský",
      "brand": "Habánské sklepy",
      "product_url": "https://wolt.com/cs/cze/prague/venue/albert-vinohradska/habanske-sklepy-ryzlink-rynsky-itemid-64ca0b7cba162577de4887b3",
      "image_url": "https://imageproxy.wolt.com/menu/menu-images/64ffec4406cca0140dfab831/2b21c158-8eb1-11ee-9700-224a9e8cb6c6_24223461.jpg",
      "categories": [
        "NÁPOJE",
        "VÍNA"
      ],
      "prices": [
        {
          "store_name": "Albert",
          "price": 119.9,
          "original_price": null,
          "unit_price": 159.87,
          "unit": "l",
          "package_size": "750 ml, 12% alc",
          "condition": "18+"
        }
      ],
      "description": null
    },
    {
      "name": "Vitana Rýže dlouhozrnná ve varných sáčcích",
      "brand": "Vitana",
      "product_url": "https://wolt.com/cs/cze/prague/venue/albert-vinohradska/vitana-ryze-dlouhozrnna-ve-varnych-saccich-itemid-64ca0b7cba162577de489639",
      "image_url": "https://imageproxy.wolt.com/menu/menu-images/64ffec4406cca0140dfab831/258d799e-8eac-11ee-8a5e-7a8430ea266b_20296377.jpg",
      "categories": [
        "TRVANLIVÉ",
        "RÝŽE A VAŘENÍ"
      ],
      "prices": [
        {
          "store_name": "Albert",
          "price": 49.9,
          "original_price": null,
          "unit_price": 62.38,
          "unit": "Kg",
          "package_size": "800 g",
          "condition": null
        }
      ],
      "description": null
    },
    {
      "name": "FuzeTea Green Ice Tea Lemon Zero",
      "brand": "FuzeTea",
      "product_url": "https://wolt.com/cs/cze/prague/venue/albert-vinohradska/fuzetea-green-ice-tea-lemon-zero-itemid-657233256818b938df948afc",
      "image_url": "https://imageproxy.wolt.com/menu/menu-images/63ad795db242366d1f818f36/eb3be9f6-f8ef-11ef-8293-f65e081eaf18_26915388.jpg",
      "categories": [
        "NÁPOJE",
        "LIMONÁDY"
      ],
      "prices": [
        {
          "store_name": "Albert",
          "price": 49.9,
          "original_price": null,
          "unit_price": 33.27,
          "unit": "l",
          "package_size": "1,5 l",
          "condition": "Vyprodáno"
        }
      ],
      "description": null
    },
    {
      "name": "Templářské sklepy Irsai Oliver",
      "brand": "Templářské",
      "product_url": "https://wolt.com/cs/cze/prague/venue/albert-vinohradska/templarske-sklepy-irsai-oliver-itemid-64ca0b7cba162577de48877d",
      "image_url": "https://imageproxy.wolt.com/menu/menu-images/64ffec4406cca0140dfab831/965ac70c-8ead-11ee-aaf2-5a1fea813fd4_20933289.jpg",
      "categories": [
        "NÁPOJE",
        "VÍNA"
      ],
      "prices": [
        {
          "store_name": "Albert",
          "price": 79.9,
          "original_price": null,
          "unit_price": 106.53,
          "unit": "l",
          "package_size": "750 ml, 11,5% alc",
          "condition": "18+"
        }
      ],
      "description": null
    },
    {
      "name": "Rama slaná příchuť máslová příchuť",
      "brand": "Rama",
      "product_url": "https://wolt.com/cs/cze/prague/venue/albert-vinohradska/rama-slana-prichut-maslova-prichut-itemid-64ca0b7cba162577de489a11",
      "image_url": "https://imageproxy.wolt.com/menu/menu-images/64ffec4406cca0140dfab831/91c6d5c4-8eb6-11ee-891f-be8c16d2d45a_25783964.jpg",
      "categories": [
        "MLÉČNÉ A CHLAZENÉ",
        "MÁSLO A TUKY"
      ],
      "prices": [
        {
          "store_name": "Albert",
          "price": null,
          "original_price": null,
          "unit_price": 124.75,
          "unit": "Kg",
          "package_size": "400 g",
          "condition": "Sleva"
        }
      ],
      "description": null
    },
    {
      "name": "Fino Sáčky na led Auto Close",
      "brand": "Fino",
      "product_url": "https://wolt.com/cs/cze/prague/venue/albert-vinohradska/fino-sacky-na-led-auto-close-itemid-6601ef2fd1b1507ceb29b0f7",
      "image_url": "https://imageproxy.wolt.com/menu/menu-images/63ad795db242366d1f818f36/51bfcf94-25b4-11f0-9573-827a6b9e267d_24703147.jpg",
      "categories": [
        "DOMÁCNOST A ZAHRADA",
        "KUCHYŇSKÉ POTŘEBY"
      ],
      "prices": [
        {
          "store_name": "Albert",
          "price": 44.9,
          "original_price": null,
          "unit_price": 0.19,
          "unit": "ks",
          "package_size": "‪240‬ kusů",
          "condition": null
        }
      ],
      "description": null
    },
    {
      "name": "Dr. Oetker Skořicový cukr",
      "brand": "Dr. Oetker",
      "product_url": "https://wolt.com/cs/cze/prague/venue/albert-vinohradska/dr-oetker-skoricovy-cukr-itemid-64ca0b7cba162577de4883e9",
      "image_url": "https://imageproxy.wolt.com/menu/menu-images/64ffec4406cca0140dfab831/ee5b7906-8ead-11ee-82ec-3a28549054af_21459276.jpg",
      "categories": [
        "TRVANLIVÉ",
        "PEČENÍ A VAŘENÍ"
      ],
      "prices": [
        {
          "store_name": "Albert",
          "price": 6.9,
          "original_price": null,
          "unit_price": 345.0,
          "unit": "Kg",
          "package_size": "20 g",
          "condition": null
        }
      ],
      "description": null
    },
    {
      "name": "Pringles Hot & Spicy",
      "brand": "Pringles",
      "product_url": "https://wolt.com/cs/cze/prague/venue/albert-vinohradska/pringles-hot-spicy-itemid-6601e0dd1454354b134e97ea",
      "image_url": "https://imageproxy.wolt.com/menu/menu-images/6601c613e48d1c8d95333085/6eb5fbd8-eae5-11ee-91e4-0279839fcf9e_27842133.jpg",
      "categories": [
        "TRVANLIVÉ",
        "SLANÉ"
      ],
      "prices": [
        {
          "store_name": "Albert",
          "price": 89.9,
          "original_price": null,
          "unit_price": 544.85,
          "unit": "Kg",
          "package_size": "165 g",
          "condition": null
        }
      ],
      "description": null
    },
    {
      "name": "Château Valtice Tramín červený",
      "brand": "Château",
      "product_url": "https://wolt.com/cs/cze/prague/venue/albert-vinohradska/chateau-valtice-tramin-cerveny-itemid-64ca0b7cba162577de48921b",
      "image_url": "https://imageproxy.wolt.com/menu/menu-images/64ffec4406cca0140dfab831/9611b958-8eb8-11ee-8cbd-7a99d2fb2f9f_26160245.jpg",
      "categories": [
        "NÁPOJE",
        "VÍNA"
      ],
      "prices": [
        {
          "store_name": "Albert",
          "price": 109.9,
          "original_price": null,
          "unit_price": 146.53,
          "unit": "l",
          "package_size": "750 ml, 12% alc",
          "condition": "18+"
        }
      ],
      "description": null
    },
    {
      "name": "Albert Rybí salát v majonéze",
      "brand": "Albert",
      "product_url": "https://wolt.com/cs/cze/prague/venue/albert-vinohradska/albert-rybi-salat-v-majoneze-itemid-64ca0b7cba162577de4880b1",
      "image_url": "https://imageproxy.wolt.com/menu/menu-images/64ffec4406cca0140dfab831/f7971f5c-8ebc-11ee-9d8f-963b628c98c7_26893624.jpg",
      "categories": [
        "UZENINY A LAHŮDKY",
        "RYBÍ SPECIALITY"
      ],
      "prices": [
        {
          "store_name": "Albert",
          "price": null,
          "original_price": null,
          "unit_price": 116.0,
          "unit": "Kg",
          "package_size": "150 g",
          "condition": "Sleva"
        }
      ],
      "description": null
    },
    {
      "name": "Olma High Protein nápoj Mix",
      "brand": "Olma",
      "product_url": "https://wolt.com/cs/cze/prague/venue/albert-vinohradska/olma-high-protein-napoj-mix-itemid-681b5abffcbd67bf7a8f4ac6",
      "image_url": "https://imageproxy.wolt.com/menu/menu-images/63ad795db242366d1f818f36/d1a3330c-2b47-11f0-bfa9-26e358a0cb58_27970126.jpg",
      "categories": [
        "MLÉČNÉ A CHLAZENÉ",
        "MLÉČNÉ NÁPOJE"
      ],
      "prices": [
        {
          "store_name": "Albert",
          "price": 31.9,
          "original_price": null,
          "unit_price": 99.69,
          "unit": "Kg",
          "package_size": "320 g",
          "condition": null
        }
      ],
      "description": null
    },
    {
      "name": "YoPRO mléčný nápoj s čokoládovou příchutí",
      "brand": "YoPRO",
      "product_url": "https://wolt.com/cs/cze/prague/venue/albert-vinohradska/yopro-mlecny-napoj-s-cokoladovou-prichuti-itemid-657233256818b938df94893c",
      "image_url": "https://imageproxy.wolt.com/menu/menu-images/63ad795db242366d1f818f36/57fbaf16-2b47-11f0-baac-1e2a5db92972_27793657.jpg",
      "categories": [
        "MLÉČNÉ A CHLAZENÉ",
        "MLÉČNÉ NÁPOJE"
      ],
      "prices": [
        {
          "store_name": "Albert",
          "price": null,
          "original_price": null,
          "unit_price": 147.6,
          "unit": "l",
          "package_size": "250 ml",
          "condition": "Sleva"
        }
      ],
      "description": null
    },
    {
      "name": "Madeta Jihočeský Eidam 30% bloček",
      "brand": "Madeta",
      "product_url": "https://wolt.com/cs/cze/prague/venue/albert-vinohradska/madeta-jihocesky-eidam-30-blocek-itemid-64ca0b7cba162577de489b02",
      "image_url": "https://imageproxy.wolt.com/menu/menu-images/64ffec4406cca0140dfab831/ff86cf0e-8ebd-11ee-a244-461ac7d1f05d_26982731.jpg",
      "categories": [
        "MLÉČNÉ A CHLAZENÉ",
        "SÝRY"
      ],
      "prices": [
        {
          "store_name": "Albert",
          "price": 56.9,
          "original_price": null,
          "unit_price": 284.5,
          "unit": "Kg",
          "package_size": "200 g",
          "condition": null
        }
      ],
      "description": null
    },
    {
      "name": "Pampers Premium pleny velikost 3",
      "brand": "Pampers",
      "product_url": "https://wolt.com/cs/cze/prague/venue/albert-vinohradska/pampers-premium-pleny-velikost-3-itemid-64ca0b7cba162577de489dc8",
      "image_url": "https://imageproxy.wolt.com/menu/menu-images/63ad795db242366d1f818f36/70c099ca-9796-11ef-8ea5-3ab397c75ccc_24962056.jpg",
      "categories": [
        "DÍTĚ",
        "PLENY A PODLOŽKY"
      ],
      "prices": [
        {
          "store_name": "Albert",
          "price": null,
          "original_price": null,
          "unit_price": 5.82,
          "unit": "ks",
          "package_size": "‪60‬ kusů",
          "condition": "Sleva"
        }
      ],
      "description": null
    },
    {
      "name": "Roche Mazet Merlot",
      "brand": "Roche",
      "product_url": "https://wolt.com/cs/cze/prague/venue/albert-vinohradska/roche-mazet-merlot-itemid-64ca0b7cba162577de48a02d",
      "image_url": "https://imageproxy.wolt.com/menu/menu-images/64ffec4406cca0140dfab831/6f82fbca-8eb9-11ee-b434-325d7328b531_26423289.jpg",
      "categories": [
        "NÁPOJE",
        "VÍNA"
      ],
      "prices": [
        {
          "store_name": "Albert",
          "price": 140.9,
          "original_price": null,
          "unit_price": 187.87,
          "unit": "l",
          "package_size": "750 ml, 12,5% alc",
          "condition": "18+"
        }
      ],
      "description": null
    },
    {
      "name": "London Ovocný čaj s citrónem a zázvorem",
      "brand": "London",
      "product_url": "https://wolt.com/cs/cze/prague/venue/albert-vinohradska/london-ovocny-caj-s-citronem-a-zazvorem-itemid-64ca0b7cba162577de489ee7",
      "image_url": "https://imageproxy.wolt.com/menu/menu-images/64ffec4406cca0140dfab831/ca0fb610-8eb3-11ee-b4f5-eadf6ce36c9d_25143706.jpg",
      "categories": [
        "NÁPOJE",
        "KÁVA A ČAJ"
      ],
      "prices": [
        {
          "store_name": "Albert",
          "price": 77.9,
          "original_price": null,
          "unit_price": 1947.5,
          "unit": "Kg",
          "package_size": "40 g",
          "condition": null
        }
      ],
      "description": null
    },
    {
      "name": "San Pellegrino",
      "brand": "San",
      "product_url": "https://wolt.com/cs/cze/prague/venue/albert-vinohradska/san-pellegrino-itemid-64ca0b7cba162577de489cd0",
      "image_url": "https://imageproxy.wolt.com/menu/menu-images/64ffec4406cca0140dfab831/40cc7fb0-8ead-11ee-b631-c231a3feaf11_20717902.jpg",
      "categories": [
        "NÁPOJE",
        "VODY A MINERÁLKY"
      ],
      "prices": [
        {
          "store_name": "Albert",
          "price": 53.9,
          "original_price": null,
          "unit_price": 53.9,
          "unit": "l",
          "package_size": "1 l",
          "condition": null
        }
      ],
      "description": null
    },
    {
      "name": "Nature's Promise Bifido Jogurt bílý bez laktózy",
      "brand": "Nature's Promise",
      "product_url": "https://wolt.com/cs/cze/prague/venue/albert-vinohradska/nature-s-promise-bifido-jogurt-bily-bez-laktozy-itemid-64ca0b7cba162577de488d49",
      "image_url": "https://imageproxy.wolt.com/menu/menu-images/64ffec4406cca0140dfab831/fca53302-8ebd-11ee-995c-a6b73cfda2ad_26982076.jpg",
      "categories": [
        "MLÉČNÉ A CHLAZENÉ",
        "JOGURTY A DEZERTY"
      ],
      "prices": [
        {
          "store_name": "Albert",
          "price": null,
          "original_price": null,
          "unit_price": 55.0,
          "unit": "Kg",
          "package_size": "180 g",
          "condition": "Sleva"
        }
      ],
      "description": null
    },
    {
      "name": "Porta Leone Prosecco Superiore DOC",
      "brand": "Porta",
      "product_url": "https://wolt.com/cs/cze/prague/venue/albert-vinohradska/porta-leone-prosecco-superiore-doc-itemid-657233256818b938df9486e0",
      "image_url": "https://imageproxy.wolt.com/menu/menu-images/64ffec4406cca0140dfab831/a89294fe-8eb7-11ee-827e-5a7762fb688d_26010243.jpg",
      "categories": [
        "NÁPOJE",
        "VÍNA"
      ],
      "prices": [
        {
          "store_name": "Albert",
          "price": 279.0,
          "original_price": null,
          "unit_price": 372.0,
          "unit": "l",
          "package_size": "750 ml, 11% alc",
          "condition": "18+"
        }
      ],
      "description": null
    },
    {
      "name": "Albert Kmín celý",
      "brand": "Albert",
      "product_url": "https://wolt.com/cs/cze/prague/venue/albert-vinohradska/albert-kmin-cely-itemid-64ca0b7cba162577de488bf9",
      "image_url": "https://imageproxy.wolt.com/menu/menu-images/64ffec4406cca0140dfab831/d926077a-8ec3-11ee-8739-ce752cd7e428_27427767.jpg",
      "categories": [
        "TRVANLIVÉ",
        "KOŘENÍ A OCHUCOVADLA"
      ],
      "prices": [
        {
          "store_name": "Albert",
          "price": 23.9,
          "original_price": null,
          "unit_price": 239.0,
          "unit": "Kg",
          "package_size": "100 g",
          "condition": null
        }
      ],
      "description": null
    },
    {
      "name": "Shelma Bezobilné dušené filetky výběr masa a ryb",
      "brand": "Shelma",
      "product_url": "https://wolt.com/cs/cze/prague/venue/albert-vinohradska/shelma-bezobilne-dusene-filetky-vyber-masa-a-ryb-itemid-64ca0b7cba162577de488b67",
      "image_url": "https://imageproxy.wolt.com/menu/menu-images/64ffec4406cca0140dfab831/cc9db4f4-8ec2-11ee-b720-2e546726778e_27327074.jpg",
      "categories": [
        "ZVÍŘATA",
        "KOČKY"
      ],
      "prices": [
        {
          "store_name": "Albert",
          "price": 147.9,
          "original_price": null,
          "unit_price": 145.0,
          "unit": "Kg",
          "package_size": "1,02 kg",
          "condition": null
        }
      ],
      "description": null
    },
    {
      "name": "Albert Excellent Tapas Longaniza iberica",
      "brand": "Albert Excellent",
      "product_url": "https://wolt.com/cs/cze/prague/venue/albert-vinohradska/albert-excellent-tapas-longaniza-iberica-itemid-64ca0b7cba162577de489a7b",
      "image_url": "https://imageproxy.wolt.com/menu/menu-images/64ffec4406cca0140dfab831/176e6b72-8ec8-11ee-87da-a6924885d1bf_27702345.jpg",
      "categories": [
        "UZENINY A LAHŮDKY",
        "TAPAS"
      ],
      "prices": [
        {
          "store_name": "Albert",
          "price": 79.0,
          "original_price": null,
          "unit_price": 1316.67,
          "unit": "Kg",
          "package_size": "60 g",
          "condition": "Vyprodáno"
        }
      ],
      "description": null
    },
    {
      "name": "Albert Mouka hrubá pšeničná",
      "brand": "Albert",
      "product_url": "https://wolt.com/cs/cze/prague/venue/albert-vinohradska/albert-mouka-hruba-psenicna-itemid-64ca0b7cba162577de4881e1",
      "image_url": "https://imageproxy.wolt.com/menu/menu-images/64ffec4406cca0140dfab831/76227e9c-8eaf-11ee-8114-3a6355b6d69b_23323971.jpg",
      "categories": [
        "TRVANLIVÉ",
        "PEČENÍ A VAŘENÍ"
      ],
      "prices": [
        {
          "store_name": "Albert",
          "price": 12.9,
          "original_price": null,
          "unit_price": 12.9,
          "unit": "Kg",
          "package_size": "1 kg",
          "condition": null
        }
      ],
      "description": null
    },
    {
      "name": "Fino Power Pytle na odpadky 120 l",
      "brand": "Fino",
      "product_url": "https://wolt.com/cs/cze/prague/venue/albert-vinohradska/fino-power-pytle-na-odpadky-120-l-itemid-64ca0b7cba162577de489bed",
      "image_url": "https://imageproxy.wolt.com/menu/menu-images/64ffec4406cca0140dfab831/6a7b29b6-8eb1-11ee-bdac-fe2992cf6bd0_24357876.jpg",
      "categories": [
        "DOMÁCNOST A ZAHRADA",
        "ÚKLIDOVÉ POTŘEBY"
      ],
      "prices": [
        {
          "store_name": "Albert",
          "price": 119.9,
          "original_price": null,
          "unit_price": 11.99,
          "unit": "ks",
          "package_size": "‪10‬ kusů",
          "condition": null
        }
      ],
      "description": null
    },
    {
      "name": "Agrola Jihočeský jogurt meruňka",
      "brand": "Agrola",
      "product_url": "https://wolt.com/cs/cze/prague/venue/albert-vinohradska/agrola-jihocesky-jogurt-merunka-itemid-657233256818b938df947881",
      "image_url": "https://imageproxy.wolt.com/menu/menu-images/64ffec4406cca0140dfab831/1b7c70d8-8eaf-11ee-80ff-1af7753b7a63_23128859.jpg",
      "categories": [
        "MLÉČNÉ A CHLAZENÉ",
        "JOGURTY A DEZERTY"
      ],
      "prices": [
        {
          "store_name": "Albert",
          "price": 28.9,
          "original_price": null,
          "unit_price": 144.5,
          "unit": "Kg",
          "package_size": "200 g",
          "condition": null
        }
      ],
      "description": null
    },
    {
      "name": "Bzenecký ocet Vinný bílý",
      "brand": "Bzenecký",
      "product_url": "https://wolt.com/cs/cze/prague/venue/albert-vinohradska/bzenecky-ocet-vinny-bily-itemid-64ca0b7cba162577de488783",
      "image_url": "https://imageproxy.wolt.com/menu/menu-images/64ffec4406cca0140dfab831/fdf12a8c-8ead-11ee-8ba2-3a28549054af_21512391.jpg",
      "categories": [
        "TRVANLIVÉ",
        "OLEJE A OCTY"
      ],
      "prices": [
        {
          "store_name": "Albert",
          "price": 49.9,
          "original_price": null,
          "unit_price": 99.8,
          "unit": "l",
          "package_size": "500 ml",
          "condition": null
        }
      ],
      "description": null
    },
    {
      "name": "Albert Mouka hladká pšeničná",
      "brand": "Albert",
      "product_url": "https://wolt.com/cs/cze/prague/venue/albert-vinohradska/albert-mouka-hladka-psenicna-itemid-64ca0b7cba162577de488061",
      "image_url": "https://imageproxy.wolt.com/menu/menu-images/64ffec4406cca0140dfab831/75fd0202-8eaf-11ee-998f-3e53a922e9b0_23323995.jpg",
      "categories": [
        "TRVANLIVÉ",
        "PEČENÍ A VAŘENÍ"
      ],
      "prices": [
        {
          "store_name": "Albert",
          "price": 12.9,
          "original_price": null,
          "unit_price": 12.9,
          "unit": "Kg",
          "package_size": "1 kg",
          "condition": null
        }
      ],
      "description": null
    },
    {
      "name": "Rama Máslová příchuť",
      "brand": "Rama",
      "product_url": "https://wolt.com/cs/cze/prague/venue/albert-vinohradska/rama-maslova-prichut-itemid-64ca0b7cba162577de489a8e",
      "image_url": "https://imageproxy.wolt.com/menu/menu-images/63ad795db242366d1f818f36/70b2d93c-f0d1-11ee-b01b-0aa1a396a008_27673683.jpg",
      "categories": [
        "MLÉČNÉ A CHLAZENÉ",
        "MÁSLO A TUKY"
      ],
      "prices": [
        {
          "store_name": "Albert",
          "price": null,
          "original_price": null,
          "unit_price": 168.44,
          "unit": "Kg",
          "package_size": "225 g",
          "condition": "Sleva"
        }
      ],
      "description": null
    },
    {
      "name": "Perla Origins Colombia zrnková káva",
      "brand": "Perla",
      "product_url": "https://wolt.com/cs/cze/prague/venue/albert-vinohradska/perla-origins-colombia-zrnkova-kava-itemid-64ca0b7cba162577de48a513",
      "image_url": "https://imageproxy.wolt.com/menu/menu-images/64ffec4406cca0140dfab831/cf1bd8ac-8ec5-11ee-b16d-8a641e6c096e_27577974.jpg",
      "categories": [
        "NÁPOJE",
        "KÁVA A ČAJ"
      ],
      "prices": [
        {
          "store_name": "Albert",
          "price": 499.0,
          "original_price": null,
          "unit_price": 499.0,
          "unit": "Kg",
          "package_size": "1 kg",
          "condition": null
        }
      ],
      "description": null
    },
    {
      "name": "Kand Kečup extra sladký",
      "brand": "Kand",
      "product_url": "https://wolt.com/cs/cze/prague/venue/albert-vinohradska/kand-kecup-extra-sladky-itemid-64ca0b7cba162577de4881df",
      "image_url": "https://imageproxy.wolt.com/menu/menu-images/64ffec4406cca0140dfab831/73fba83a-8eac-11ee-99ca-aa6a0c58eab8_20306106.jpg",
      "categories": [
        "TRVANLIVÉ",
        "KEČUPY A HOŘČICE"
      ],
      "prices": [
        {
          "store_name": "Albert",
          "price": 59.9,
          "original_price": null,
          "unit_price": 115.19,
          "unit": "Kg",
          "package_size": "520 g",
          "condition": null
        }
      ],
      "description": null
    },
    {
      "name": "Axe Black Deodorant sprej",
      "brand": "Axe",
      "product_url": "https://wolt.com/cs/cze/prague/venue/albert-vinohradska/axe-black-deodorant-sprej-itemid-64ca0b7cba162577de48a2e9",
      "image_url": "https://imageproxy.wolt.com/menu/menu-images/63ad795db242366d1f818f36/e4222554-f8ef-11ef-8f4e-fed50cd4de81_26296470.jpg",
      "categories": [
        "DROGERIE A KOSMETIKA",
        "DEODORANTY"
      ],
      "prices": [
        {
          "store_name": "Albert",
          "price": 99.9,
          "original_price": null,
          "unit_price": 666.0,
          "unit": "l",
          "package_size": "150 ml",
          "condition": null
        }
      ],
      "description": null
    },
    {
      "name": "Batáty",
      "brand": "Batáty",
      "product_url": "https://wolt.com/cs/cze/prague/venue/albert-vinohradska/bataty-itemid-68b4ae3f5ba460f6af2bbb6d",
      "image_url": "https://imageproxy.wolt.com/menu/menu-images/64b62ec5e5ab70cdc92e30f0/32ae0498-3ed0-11ef-ad51-22ce638e5e22_22485380.jpg",
      "categories": [
        "OVOCE A ZELENINA",
        "ZELENINA"
      ],
      "prices": [
        {
          "store_name": "Albert",
          "price": 35.94,
          "original_price": null,
          "unit_price": null,
          "unit": null,
          "package_size": "~600 g",
          "condition": null
        }
      ],
      "description": null
    },
    {
      "name": "Albert Sýrové nitě uzené",
      "brand": "Albert",
      "product_url": "https://wolt.com/cs/cze/prague/venue/albert-vinohradska/albert-syrove-nite-uzene-itemid-657233256818b938df947838",
      "image_url": "https://imageproxy.wolt.com/menu/menu-images/63ad795db242366d1f818f36/43345b3c-2b47-11f0-a583-4a6ee2e345e0_27591642.jpg",
      "categories": [
        "MLÉČNÉ A CHLAZENÉ",
        "SÝRY"
      ],
      "prices": [
        {
          "store_name": "Albert",
          "price": 79.9,
          "original_price": null,
          "unit_price": 319.6,
          "unit": "Kg",
          "package_size": "250 g",
          "condition": null
        }
      ],
      "description": null
    },
    {
      "name": "Staropramen 12",
      "brand": "Staropramen",
      "product_url": "https://wolt.com/cs/cze/prague/venue/albert-vinohradska/staropramen-12-itemid-64ca0b7cba162577de489246",
      "image_url": "https://imageproxy.wolt.com/menu/menu-images/63ad795db242366d1f818f36/35cec9a2-26ff-11ef-affa-be9c64032de7_24695688.jpg",
      "categories": [
        "NÁPOJE",
        "PIVA"
      ],
      "prices": [
        {
          "store_name": "Albert",
          "price": 25.9,
          "original_price": null,
          "unit_price": 51.8,
          "unit": "l",
          "package_size": "500 ml, 5,2% alc",
          "condition": "18+"
        }
      ],
      "description": null
    },
    {
      "name": "Vitana Bramborové těsto",
      "brand": "Vitana",
      "product_url": "https://wolt.com/cs/cze/prague/venue/albert-vinohradska/vitana-bramborove-testo-itemid-64ca0b7cba162577de489d0f",
      "image_url": "https://imageproxy.wolt.com/menu/menu-images/64ffec4406cca0140dfab831/6622abdc-8eac-11ee-88be-96106fe39af5_20304492.jpg",
      "categories": [
        "TRVANLIVÉ",
        "PEČENÍ A VAŘENÍ"
      ],
      "prices": [
        {
          "store_name": "Albert",
          "price": 53.9,
          "original_price": null,
          "unit_price": 134.75,
          "unit": "Kg",
          "package_size": "400 g",
          "condition": null
        }
      ],
      "description": null
    },
    {
      "name": "Uzeniny Příbram Vysočina krájená",
      "brand": "Uzeniny",
      "product_url": "https://wolt.com/cs/cze/prague/venue/albert-vinohradska/uzeniny-pribram-vysocina-krajena-itemid-64ca0b7cba162577de488277",
      "image_url": "https://imageproxy.wolt.com/menu/menu-images/64ffec4406cca0140dfab831/a18b2d2a-8ebb-11ee-9749-325d7328b531_26786964.jpg",
      "categories": [
        "UZENINY A LAHŮDKY",
        "SALÁMY"
      ],
      "prices": [
        {
          "store_name": "Albert",
          "price": 29.9,
          "original_price": null,
          "unit_price": 299.0,
          "unit": "Kg",
          "package_size": "100 g",
          "condition": null
        }
      ],
      "description": null
    },
    {
      "name": "Nature's Promise Šťáva hruška, mango a máta",
      "brand": "Nature's Promise",
      "product_url": "https://wolt.com/cs/cze/prague/venue/albert-vinohradska/nature-s-promise-stava-hruska-mango-a-mata-itemid-64ca0b7cba162577de489ab2",
      "image_url": "https://imageproxy.wolt.com/menu/menu-images/63ad795db242366d1f818f36/43d92faa-7826-11f0-a8b5-964402471bda_26688718.jpg",
      "categories": [
        "NÁPOJE",
        "DŽUSY A NEKTARY"
      ],
      "prices": [
        {
          "store_name": "Albert",
          "price": 34.9,
          "original_price": null,
          "unit_price": 139.6,
          "unit": "l",
          "package_size": "250 ml",
          "condition": null
        }
      ],
      "description": null
    },
    {
      "name": "Nivea Creme Care pečující sprchový gel",
      "brand": "Nivea",
      "product_url": "https://wolt.com/cs/cze/prague/venue/albert-vinohradska/nivea-creme-care-pecujici-sprchovy-gel-itemid-64ca0b7cba162577de488eeb",
      "image_url": "https://imageproxy.wolt.com/menu/menu-images/64ffec4406cca0140dfab831/137cc830-8eb7-11ee-89fe-faf7ab9749a2_25882421.jpg",
      "categories": [
        "DROGERIE A KOSMETIKA",
        "MÝDLA A GELY"
      ],
      "prices": [
        {
          "store_name": "Albert",
          "price": 74.9,
          "original_price": null,
          "unit_price": 299.6,
          "unit": "l",
          "package_size": "250 ml",
          "condition": null
        }
      ],
      "description": null
    },
    {
      "name": "Opavia Zlaté Oplatky s citronovou příchutí",
      "brand": "Opavia",
      "product_url": "https://wolt.com/cs/cze/prague/venue/albert-vinohradska/opavia-zlate-oplatky-s-citronovou-prichuti-itemid-64ca0b7cba162577de4890cc",
      "image_url": "https://imageproxy.wolt.com/menu/menu-images/63ad795db242366d1f818f36/cde427f4-5efa-11ef-82b6-7a10646ef7df_22141651.jpg",
      "categories": [
        "TRVANLIVÉ",
        "SLADKOSTI"
      ],
      "prices": [
        {
          "store_name": "Albert",
          "price": 35.9,
          "original_price": null,
          "unit_price": 245.89,
          "unit": "Kg",
          "package_size": "146 g",
          "condition": null
        }
      ],
      "description": null
    },
    {
      "name": "Sommelier Collection Merlot",
      "brand": "Sommelier",
      "product_url": "https://wolt.com/cs/cze/prague/venue/albert-vinohradska/sommelier-collection-merlot-itemid-64ca0b7cba162577de48a662",
      "image_url": "https://imageproxy.wolt.com/menu/menu-images/64ffec4406cca0140dfab831/74f3026e-8ec6-11ee-8ead-2289f94b8ae4_27610794.jpg",
      "categories": [
        "NÁPOJE",
        "VÍNA"
      ],
      "prices": [
        {
          "store_name": "Albert",
          "price": 148.9,
          "original_price": null,
          "unit_price": 198.53,
          "unit": "l",
          "package_size": "750 ml, 14% alc",
          "condition": "18+"
        }
      ],
      "description": null
    },
    {
      "name": "Purina One Sterilcat hovězí a pšenice",
      "brand": "Purina",
      "product_url": "https://wolt.com/cs/cze/prague/venue/albert-vinohradska/purina-one-sterilcat-hovezi-a-psenice-itemid-64ca0b7cba162577de488a0b",
      "image_url": "https://imageproxy.wolt.com/menu/menu-images/63ad795db242366d1f818f36/ba607674-5efa-11ef-b8b0-962efbb89caa_25153958.jpg",
      "categories": [
        "ZVÍŘATA",
        "KOČKY"
      ],
      "prices": [
        {
          "store_name": "Albert",
          "price": 279.0,
          "original_price": null,
          "unit_price": 186.0,
          "unit": "Kg",
          "package_size": "1,5 kg",
          "condition": null
        }
      ],
      "description": null
    },
    {
      "name": "Santa Maria Taco Shells",
      "brand": "Santa",
      "product_url": "https://wolt.com/cs/cze/prague/venue/albert-vinohradska/santa-maria-taco-shells-itemid-64ca0b7cba162577de489f2d",
      "image_url": "https://imageproxy.wolt.com/menu/menu-images/64ffec4406cca0140dfab831/63aa0f90-8eb0-11ee-a6f9-be8c16d2d45a_23762442.jpg",
      "categories": [
        "TRVANLIVÉ",
        "MEZINÁRODNÍ KUCHYNĚ"
      ],
      "prices": [
        {
          "store_name": "Albert",
          "price": 82.9,
          "original_price": null,
          "unit_price": 614.07,
          "unit": "Kg",
          "package_size": "135 g",
          "condition": null
        }
      ],
      "description": null
    },
    {
      "name": "Jar Lemon Tekutý prostředek na mytí nádobí",
      "brand": "Jar",
      "product_url": "https://wolt.com/cs/cze/prague/venue/albert-vinohradska/jar-lemon-tekuty-prostredek-na-myti-nadobi-itemid-657233256818b938df9486b3",
      "image_url": "https://imageproxy.wolt.com/menu/menu-images/63ad795db242366d1f818f36/f4ac864e-66af-11ef-8423-4a17e6c39875_23696396.jpg",
      "categories": [
        "DROGERIE A KOSMETIKA",
        "ČISTÍCÍ PROSTŘEDKY"
      ],
      "prices": [
        {
          "store_name": "Albert",
          "price": 49.9,
          "original_price": null,
          "unit_price": 110.89,
          "unit": "l",
          "package_size": "450 ml",
          "condition": null
        }
      ],
      "description": null
    },
    {
      "name": "Hukvaldské mrkvánky, hrušková náplň",
      "brand": "Hukvaldské",
      "product_url": "https://wolt.com/cs/cze/prague/venue/albert-vinohradska/hukvaldske-mrkvanky-hruskova-napln-itemid-657233256818b938df948623",
      "image_url": "https://imageproxy.wolt.com/menu/menu-images/64ffec4406cca0140dfab831/bd77021c-8ebf-11ee-983b-a2650c40792b_27131541.jpg",
      "categories": [
        "PEKÁRNA A CUKRÁRNA",
        "SLADKÉ PEČIVO BALENÉ"
      ],
      "prices": [
        {
          "store_name": "Albert",
          "price": 54.9,
          "original_price": null,
          "unit_price": 366.0,
          "unit": "Kg",
          "package_size": "150 g",
          "condition": null
        }
      ],
      "description": null
    },
    {
      "name": "Pom-Bär Original",
      "brand": "Pom-Bär",
      "product_url": "https://wolt.com/cs/cze/prague/venue/albert-vinohradska/pom-bar-original-itemid-64ca0b7cba162577de48993d",
      "image_url": "https://imageproxy.wolt.com/menu/menu-images/63ad795db242366d1f818f36/43d913bc-7826-11f0-8b05-e67677b74be8_26702131.jpg",
      "categories": [
        "TRVANLIVÉ",
        "SLANÉ"
      ],
      "prices": [
        {
          "store_name": "Albert",
          "price": 59.9,
          "original_price": null,
          "unit_price": 544.55,
          "unit": "Kg",
          "package_size": "110 g",
          "condition": null
        }
      ],
      "description": null
    },
    {
      "name": "Sedita Kávenky",
      "brand": "Sedita",
      "product_url": "https://wolt.com/cs/cze/prague/venue/albert-vinohradska/sedita-kavenky-itemid-64ca0b7cba162577de489508",
      "image_url": "https://imageproxy.wolt.com/menu/menu-images/63ad795db242366d1f818f36/10bbe626-7a84-11ef-a24a-626fd6f5ab2d_20300432.jpg",
      "categories": [
        "TRVANLIVÉ",
        "SLADKOSTI"
      ],
      "prices": [
        {
          "store_name": "Albert",
          "price": 15.9,
          "original_price": null,
          "unit_price": 318.0,
          "unit": "Kg",
          "package_size": "50 g",
          "condition": null
        }
      ],
      "description": null
    },
    {
      "name": "Celita Proteinový suk s vanilkovou příchutí",
      "brand": "Celita",
      "product_url": "https://wolt.com/cs/cze/prague/venue/albert-vinohradska/celita-proteinovy-suk-s-vanilkovou-prichuti-itemid-64ca0b7cba162577de48950c",
      "image_url": "https://imageproxy.wolt.com/menu/menu-images/63ad795db242366d1f818f36/3bb167f0-d671-11ee-b681-4a8b50b9e4f9_27157442.jpg",
      "categories": [
        "TRVANLIVÉ",
        "MÜSLI A CEREÁLIE"
      ],
      "prices": [
        {
          "store_name": "Albert",
          "price": 13.9,
          "original_price": null,
          "unit_price": 308.89,
          "unit": "Kg",
          "package_size": "45 g",
          "condition": null
        }
      ],
      "description": null
    },
    {
      "name": "Albert Sýr Krolewski uzený 45% plátky",
      "brand": "Albert",
      "product_url": "https://wolt.com/cs/cze/prague/venue/albert-vinohradska/albert-syr-krolewski-uzeny-45-platky-itemid-64ca0b7cba162577de4884e3",
      "image_url": "https://imageproxy.wolt.com/menu/menu-images/64ffec4406cca0140dfab831/7effd7f8-8ebe-11ee-989b-b29f7f1f7f8d_27035337.jpg",
      "categories": [
        "MLÉČNÉ A CHLAZENÉ",
        "SÝRY"
      ],
      "prices": [
        {
          "store_name": "Albert",
          "price": 47.9,
          "original_price": null,
          "unit_price": 319.33,
          "unit": "Kg",
          "package_size": "150 g",
          "condition": null
        }
      ],
      "description": null
    },
    {
      "name": "Gerber Cereal Mléčná kaše ovocná na dobrou noc",
      "brand": "Gerber",
      "product_url": "https://wolt.com/cs/cze/prague/venue/albert-vinohradska/gerber-cereal-mlecna-kase-ovocna-na-dobrou-noc-itemid-64ca0b7cba162577de48a572",
      "image_url": "https://imageproxy.wolt.com/menu/menu-images/64ffec4406cca0140dfab831/b7aa21ac-8ec9-11ee-aeb8-a670774e69e5_27754528.jpg",
      "categories": [
        "DÍTĚ",
        "VÝŽIVA"
      ],
      "prices": [
        {
          "store_name": "Albert",
          "price": 74.9,
          "original_price": null,
          "unit_price": 325.65,
          "unit": "Kg",
          "package_size": "230 g",
          "condition": null
        }
      ],
      "description": null
    },
    {
      "name": "L'OR Crema Absolu Classique zrnková káva",
      "brand": "L'OR",
      "product_url": "https://wolt.com/cs/cze/prague/venue/albert-vinohradska/l-or-crema-absolu-classique-zrnkova-kava-itemid-64ca0b7cba162577de48a49a",
      "image_url": "https://imageproxy.wolt.com/menu/menu-images/64ffec4406cca0140dfab831/9696ec28-8ec1-11ee-91cd-222205837f4e_27255971.jpg",
      "categories": [
        "NÁPOJE",
        "KÁVA A ČAJ"
      ],
      "prices": [
        {
          "store_name": "Albert",
          "price": 699.0,
          "original_price": null,
          "unit_price": 699.0,
          "unit": "Kg",
          "package_size": "1 kg",
          "condition": null
        }
      ],
      "description": null
    },
    {
      "name": "Hera",
      "brand": "Hera",
      "product_url": "https://wolt.com/cs/cze/prague/venue/albert-vinohradska/hera-itemid-64ca0b7cba162577de488641",
      "image_url": "https://imageproxy.wolt.com/menu/menu-images/64ffec4406cca0140dfab831/2fde2830-8ec5-11ee-adb8-2e546726778e_27528112.jpg",
      "categories": [
        "MLÉČNÉ A CHLAZENÉ",
        "MÁSLO A TUKY"
      ],
      "prices": [
        {
          "store_name": "Albert",
          "price": 47.9,
          "original_price": null,
          "unit_price": 191.6,
          "unit": "Kg",
          "package_size": "250 g",
          "condition": null
        }
      ],
      "description": null
    },
    {
      "name": "Taft Power Activity gel na vlasy 5",
      "brand": "Taft",
      "product_url": "https://wolt.com/cs/cze/prague/venue/albert-vinohradska/taft-power-activity-gel-na-vlasy-5-itemid-64ca0b7cba162577de488ef5",
      "image_url": "https://imageproxy.wolt.com/menu/menu-images/64ffec4406cca0140dfab831/7e7c05c2-8eaf-11ee-9d20-6acfb8ed3f7f_23331631.jpg",
      "categories": [
        "DROGERIE A KOSMETIKA",
        "PÉČE O VLASY"
      ],
      "prices": [
        {
          "store_name": "Albert",
          "price": 134.9,
          "original_price": null,
          "unit_price": 899.33,
          "unit": "l",
          "package_size": "150 ml",
          "condition": "Vyprodáno"
        }
      ],
      "description": null
    },
    {
      "name": "Albert Excellent Tapas Olivy s bylinkami",
      "brand": "Albert Excellent",
      "product_url": "https://wolt.com/cs/cze/prague/venue/albert-vinohradska/albert-excellent-tapas-olivy-s-bylinkami-itemid-64ca0b7cba162577de489a8b",
      "image_url": "https://imageproxy.wolt.com/menu/menu-images/64ffec4406cca0140dfab831/1778dd96-8ec8-11ee-8a3e-261fd742ff1a_27702352.jpg",
      "categories": [
        "UZENINY A LAHŮDKY",
        "TAPAS"
      ],
      "prices": [
        {
          "store_name": "Albert",
          "price": 69.0,
          "original_price": null,
          "unit_price": 530.77,
          "unit": "Kg",
          "package_size": "130 g",
          "condition": "Vyprodáno"
        }
      ],
      "description": null
    },
    {
      "name": "SOFTdent Zubní kartáčky Eco Ultra Soft",
      "brand": "SOFTdent",
      "product_url": "https://wolt.com/cs/cze/prague/venue/albert-vinohradska/softdent-zubni-kartacky-eco-ultra-soft-itemid-657233256818b938df9484bc",
      "image_url": "https://imageproxy.wolt.com/menu/menu-images/64ffec4406cca0140dfab831/ee43c75e-8ec9-11ee-8934-4ac62f71ddef_27766521.jpg",
      "categories": [
        "DROGERIE A KOSMETIKA",
        "ÚSTNÍ HYGIENA"
      ],
      "prices": [
        {
          "store_name": "Albert",
          "price": 159.0,
          "original_price": null,
          "unit_price": 53.0,
          "unit": "ks",
          "package_size": "‪3‬ kusů",
          "condition": null
        }
      ],
      "description": null
    },
    {
      "name": "Nature's Promise Bio Rýžový sirup",
      "brand": "Nature's Promise",
      "product_url": "https://wolt.com/cs/cze/prague/venue/albert-vinohradska/nature-s-promise-bio-ryzovy-sirup-itemid-64ca0b7cba162577de48a34c",
      "image_url": "https://imageproxy.wolt.com/menu/menu-images/63ad795db242366d1f818f36/9ecf2d4c-3213-11ef-9120-c67826d2db9e_27468074.jpg",
      "categories": [
        "TRVANLIVÉ",
        "PEČENÍ A VAŘENÍ"
      ],
      "prices": [
        {
          "store_name": "Albert",
          "price": 54.9,
          "original_price": null,
          "unit_price": 219.6,
          "unit": "l",
          "package_size": "250 ml",
          "condition": null
        }
      ],
      "description": null
    },
    {
      "name": "Bonitas Bio Meruňky nesířené",
      "brand": "Bonitas",
      "product_url": "https://wolt.com/cs/cze/prague/venue/albert-vinohradska/bonitas-bio-merunky-nesirene-itemid-64ca0b7cba162577de489a34",
      "image_url": "https://imageproxy.wolt.com/menu/menu-images/64ffec4406cca0140dfab831/a39737ea-8ec4-11ee-a419-ce752cd7e428_27483145.jpg",
      "categories": [
        "OVOCE A ZELENINA",
        "SUCHÉ PLODY"
      ],
      "prices": [
        {
          "store_name": "Albert",
          "price": 38.9,
          "original_price": null,
          "unit_price": 486.25,
          "unit": "Kg",
          "package_size": "80 g",
          "condition": null
        }
      ],
      "description": null
    },
    {
      "name": "Chio Pom-Bär s příchutí kečupu",
      "brand": "Chio",
      "product_url": "https://wolt.com/cs/cze/prague/venue/albert-vinohradska/chio-pom-bar-s-prichuti-kecupu-itemid-64ca0b7cba162577de489758",
      "image_url": "https://imageproxy.wolt.com/menu/menu-images/63ad795db242366d1f818f36/1462a166-7826-11f0-8f05-ba80eada4c41_25283525.jpg",
      "categories": [
        "TRVANLIVÉ",
        "SLANÉ"
      ],
      "prices": [
        {
          "store_name": "Albert",
          "price": 39.9,
          "original_price": null,
          "unit_price": 798.0,
          "unit": "Kg",
          "package_size": "50 g",
          "condition": null
        }
      ],
      "description": null
    },
    {
      "name": "Legenda Fernet 38%",
      "brand": "Legenda",
      "product_url": "https://wolt.com/cs/cze/prague/venue/albert-vinohradska/legenda-fernet-38-itemid-64ca0b7cba162577de4894e2",
      "image_url": "https://imageproxy.wolt.com/menu/menu-images/64ffec4406cca0140dfab831/3e00820c-8ec3-11ee-9a72-eadfee8d92ce_27365076.jpg",
      "categories": [
        "NÁPOJE",
        "LIHOVINY"
      ],
      "prices": [
        {
          "store_name": "Albert",
          "price": 159.0,
          "original_price": null,
          "unit_price": 318.0,
          "unit": "l",
          "package_size": "500 ml, 38% alc",
          "condition": "18+"
        }
      ],
      "description": null
    },
    {
      "name": "Felix Sensations sauces lahodný výběr",
      "brand": "Felix",
      "product_url": "https://wolt.com/cs/cze/prague/venue/albert-vinohradska/felix-sensations-sauces-lahodny-vyber-itemid-6601e2b2cac78ba1a2324717",
      "image_url": "https://imageproxy.wolt.com/menu/menu-images/6601c613e48d1c8d95333085/160d5ef0-eae4-11ee-98d8-eeff4dfe8a12_27383322.jpg",
      "categories": [
        "ZVÍŘATA",
        "KOČKY"
      ],
      "prices": [
        {
          "store_name": "Albert",
          "price": 69.9,
          "original_price": null,
          "unit_price": 205.59,
          "unit": "Kg",
          "package_size": "340 g",
          "condition": null
        }
      ],
      "description": null
    },
    {
      "name": "Bonduelle Gold Zlatá kukuřice",
      "brand": "Bonduelle",
      "product_url": "https://wolt.com/cs/cze/prague/venue/albert-vinohradska/bonduelle-gold-zlata-kukurice-itemid-657233256818b938df947b94",
      "image_url": "https://imageproxy.wolt.com/menu/menu-images/64ffec4406cca0140dfab831/253a2c52-8ead-11ee-908d-f2a93e51b7a9_20679002.jpg",
      "categories": [
        "TRVANLIVÉ",
        "KONZERVOVANÉ POTR."
      ],
      "prices": [
        {
          "store_name": "Albert",
          "price": 77.8,
          "original_price": null,
          "unit_price": 216.11,
          "unit": "Kg",
          "package_size": "360 g",
          "condition": null
        }
      ],
      "description": null
    },
    {
      "name": "Kostelecké Uzeniny Poctivá řemeslná šunka",
      "brand": "Kostelecké",
      "product_url": "https://wolt.com/cs/cze/prague/venue/albert-vinohradska/kostelecke-uzeniny-poctiva-remeslna-sunka-itemid-64ca0b7cba162577de48855b",
      "image_url": "https://imageproxy.wolt.com/menu/menu-images/64ffec4406cca0140dfab831/62a44c0e-8eb6-11ee-a30a-3a1814765055_25740905.jpg",
      "categories": [
        "UZENINY A LAHŮDKY",
        "ŠUNKY A SLANINY"
      ],
      "prices": [
        {
          "store_name": "Albert",
          "price": 49.9,
          "original_price": null,
          "unit_price": 499.0,
          "unit": "Kg",
          "package_size": "100 g",
          "condition": null
        }
      ],
      "description": null
    },
    {
      "name": "Olma Bio Mléko čerstvé 4%",
      "brand": "Olma",
      "product_url": "https://wolt.com/cs/cze/prague/venue/albert-vinohradska/olma-bio-mleko-cerstve-4-itemid-64ca0b7cba162577de489108",
      "image_url": "https://imageproxy.wolt.com/menu/menu-images/63ad795db242366d1f818f36/1063bbe8-d671-11ee-98a1-aadfaceebcc0_23105157.jpg",
      "categories": [
        "MLÉČNÉ A CHLAZENÉ",
        "MLÉČNÉ NÁPOJE"
      ],
      "prices": [
        {
          "store_name": "Albert",
          "price": null,
          "original_price": null,
          "unit_price": 29.9,
          "unit": "l",
          "package_size": "1 l",
          "condition": "Sleva"
        }
      ],
      "description": null
    },
    {
      "name": "Albert České buchty povidlové",
      "brand": "Albert",
      "product_url": "https://wolt.com/cs/cze/prague/venue/albert-vinohradska/albert-ceske-buchty-povidlove-itemid-64ca0b7cba162577de4885df",
      "image_url": "https://imageproxy.wolt.com/menu/menu-images/64ffec4406cca0140dfab831/65b7794e-8eba-11ee-b926-2a867062f6f7_26626208.jpg",
      "categories": [
        "PEKÁRNA A CUKRÁRNA",
        "SLADKÉ PEČIVO BALENÉ"
      ],
      "prices": [
        {
          "store_name": "Albert",
          "price": 44.9,
          "original_price": null,
          "unit_price": 124.72,
          "unit": "Kg",
          "package_size": "360 g",
          "condition": null
        }
      ],
      "description": null
    },
    {
      "name": "Hami Příkrm těstoviny s krůtou",
      "brand": "Hami",
      "product_url": "https://wolt.com/cs/cze/prague/venue/albert-vinohradska/hami-prikrm-testoviny-s-krutou-itemid-64ca0b7cba162577de489da4",
      "image_url": "https://imageproxy.wolt.com/menu/menu-images/64ffec4406cca0140dfab831/94eb60f4-8eb0-11ee-aa35-96b10ce163de_23890688.jpg",
      "categories": [
        "DÍTĚ",
        "VÝŽIVA"
      ],
      "prices": [
        {
          "store_name": "Albert",
          "price": 31.9,
          "original_price": null,
          "unit_price": 127.6,
          "unit": "Kg",
          "package_size": "250 g",
          "condition": null
        }
      ],
      "description": null
    },
    {
      "name": "Jim Beam Apple 32,5%",
      "brand": "Jim",
      "product_url": "https://wolt.com/cs/cze/prague/venue/albert-vinohradska/jim-beam-apple-32-5-itemid-64ca0b7cba162577de48a5fc",
      "image_url": "https://imageproxy.wolt.com/menu/menu-images/64ffec4406cca0140dfab831/7e423270-8ec3-11ee-96c0-fae72eeefc2d_27384077.jpg",
      "categories": [
        "NÁPOJE",
        "LIHOVINY"
      ],
      "prices": [
        {
          "store_name": "Albert",
          "price": 519.0,
          "original_price": null,
          "unit_price": 741.43,
          "unit": "l",
          "package_size": "700 ml, 32,5% alc",
          "condition": "18+"
        }
      ],
      "description": null
    },
    {
      "name": "Lovepet Kapsa pro kočky drůbež, ryba, játra",
      "brand": "Lovepet",
      "product_url": "https://wolt.com/cs/cze/prague/venue/albert-vinohradska/lovepet-kapsa-pro-kocky-drubez-ryba-jatra-itemid-64ca0b7cba162577de488925",
      "image_url": "https://imageproxy.wolt.com/menu/menu-images/63ad795db242366d1f818f36/345ff8c4-7826-11f0-bbe5-22bb91203ca0_26362458.jpg",
      "categories": [
        "ZVÍŘATA",
        "KOČKY"
      ],
      "prices": [
        {
          "store_name": "Albert",
          "price": 94.9,
          "original_price": null,
          "unit_price": 79.08,
          "unit": "Kg",
          "package_size": "1,2 kg",
          "condition": null
        }
      ],
      "description": null
    },
    {
      "name": "Donut s oříškovou náplní",
      "brand": "Donut",
      "product_url": "https://wolt.com/cs/cze/prague/venue/albert-vinohradska/donut-s-oriskovou-naplni-itemid-657233256818b938df947841",
      "image_url": "https://imageproxy.wolt.com/menu/menu-images/64ffec4406cca0140dfab831/0ba6a4c0-8ec4-11ee-a9ed-f20dec45ea3c_27442364.jpg",
      "categories": [
        "PEKÁRNA A CUKRÁRNA",
        "SLADKÉ PEČIVO VOLNÉ"
      ],
      "prices": [
        {
          "store_name": "Albert",
          "price": 16.9,
          "original_price": null,
          "unit_price": 238.03,
          "unit": "Kg",
          "package_size": "71 g",
          "condition": "Vyprodáno"
        }
      ],
      "description": null
    },
    {
      "name": "Emma Ovesná kaše s meruňkami",
      "brand": "Emma",
      "product_url": "https://wolt.com/cs/cze/prague/venue/albert-vinohradska/emmaovesna-kase-s-merunkami-itemid-681b5abffcbd67bf7a8f49fd",
      "image_url": "https://imageproxy.wolt.com/menu/menu-images/63ad795db242366d1f818f36/5c7d03d2-2b47-11f0-9fe7-9e278bf1636b_27812556.jpg",
      "categories": [
        "TRVANLIVÉ",
        "MÜSLI A CEREÁLIE"
      ],
      "prices": [
        {
          "store_name": "Albert",
          "price": 9.9,
          "original_price": null,
          "unit_price": 152.31,
          "unit": "Kg",
          "package_size": "65 g",
          "condition": null
        }
      ],
      "description": null
    },
    {
      "name": "Albert Mozzarella",
      "brand": "Albert",
      "product_url": "https://wolt.com/cs/cze/prague/venue/albert-vinohradska/albert-mozzarella-itemid-64ca0b7cba162577de48823d",
      "image_url": "https://imageproxy.wolt.com/menu/menu-images/64ffec4406cca0140dfab831/85067ec2-8eb4-11ee-b90f-aa70cbf91f77_25344721.jpg",
      "categories": [
        "MLÉČNÉ A CHLAZENÉ",
        "SÝRY"
      ],
      "prices": [
        {
          "store_name": "Albert",
          "price": 24.9,
          "original_price": null,
          "unit_price": 199.2,
          "unit": "Kg",
          "package_size": "125 g",
          "condition": null
        }
      ],
      "description": null
    },
    {
      "name": "Nature's Promise Bio Borůvky",
      "brand": "Nature's Promise",
      "product_url": "https://wolt.com/cs/cze/prague/venue/albert-vinohradska/nature-s-promise-bio-boruvky-itemid-64ca0b7cba162577de489b6d",
      "image_url": "https://imageproxy.wolt.com/menu/menu-images/64ffec4406cca0140dfab831/cc1aa9be-8ebe-11ee-8038-6a11ca682d5f_27061350.jpg",
      "categories": [
        "OVOCE A ZELENINA",
        "OVOCE"
      ],
      "prices": [
        {
          "store_name": "Albert",
          "price": 59.9,
          "original_price": null,
          "unit_price": 479.2,
          "unit": "Kg",
          "package_size": "125 g",
          "condition": null
        }
      ],
      "description": null
    },
    {
      "name": "Albert Sýr ementálského typu 45% tenké plátky",
      "brand": "Albert",
      "product_url": "https://wolt.com/cs/cze/prague/venue/albert-vinohradska/albert-syr-ementalskeho-typu-45-tenke-platky-itemid-657233256818b938df94786e",
      "image_url": "https://imageproxy.wolt.com/menu/menu-images/64ffec4406cca0140dfab831/0d1eb00e-8ebf-11ee-8038-6a11ca682d5f_27086797.jpg",
      "categories": [
        "MLÉČNÉ A CHLAZENÉ",
        "SÝRY"
      ],
      "prices": [
        {
          "store_name": "Albert",
          "price": 42.9,
          "original_price": null,
          "unit_price": 286.0,
          "unit": "Kg",
          "package_size": "150 g",
          "condition": null
        }
      ],
      "description": null
    },
    {
      "name": "Tento Ellegance toaletní papír",
      "brand": "Tento",
      "product_url": "https://wolt.com/cs/cze/prague/venue/albert-vinohradska/tento-ellegance-toaletni-papir-itemid-64ca0b7cba162577de489059",
      "image_url": "https://imageproxy.wolt.com/menu/menu-images/64ffec4406cca0140dfab831/38bdc39a-8eb4-11ee-8011-325d7328b531_25267525.jpg",
      "categories": [
        "DROGERIE A KOSMETIKA",
        "PAPÍROVÁ HYGIENA"
      ],
      "prices": [
        {
          "store_name": "Albert",
          "price": 109.9,
          "original_price": null,
          "unit_price": 0.76,
          "unit": "ks",
          "package_size": "‪144‬ kusů",
          "condition": null
        }
      ],
      "description": null
    },
    {
      "name": "Hami Zelenina s kuřecím stehýnkem",
      "brand": "Hami",
      "product_url": "https://wolt.com/cs/cze/prague/venue/albert-vinohradska/hami-zelenina-s-kurecim-stehynkem-itemid-64ca0b7cba162577de489ebb",
      "image_url": "https://imageproxy.wolt.com/menu/menu-images/64ffec4406cca0140dfab831/909e72f4-8eb3-11ee-ba6b-96ff514b0205_25063912.jpg",
      "categories": [
        "DÍTĚ",
        "VÝŽIVA"
      ],
      "prices": [
        {
          "store_name": "Albert",
          "price": null,
          "original_price": null,
          "unit_price": 154.5,
          "unit": "Kg",
          "package_size": "200 g",
          "condition": "Sleva"
        }
      ],
      "description": null
    },
    {
      "name": "Vitana Do hrnečku Sýrová s houstičkami",
      "brand": "Vitana",
      "product_url": "https://wolt.com/cs/cze/prague/venue/albert-vinohradska/vitana-do-hrnecku-syrova-s-houstickami-itemid-64ca0b7cba162577de4898b8",
      "image_url": "https://imageproxy.wolt.com/menu/menu-images/64ffec4406cca0140dfab831/5cd23096-8eb3-11ee-89fd-662d260bbeaa_25017694.jpg",
      "categories": [
        "TRVANLIVÉ",
        "INSTANTNÍ POKRMY"
      ],
      "prices": [
        {
          "store_name": "Albert",
          "price": 14.9,
          "original_price": null,
          "unit_price": 677.27,
          "unit": "Kg",
          "package_size": "22 g",
          "condition": null
        }
      ],
      "description": null
    },
    {
      "name": "Maggi Magic Asia Smažené nudle India",
      "brand": "Maggi",
      "product_url": "https://wolt.com/cs/cze/prague/venue/albert-vinohradska/maggi-magic-asia-smazene-nudle-india-itemid-657233256818b938df947958",
      "image_url": "https://imageproxy.wolt.com/menu/menu-images/64ffec4406cca0140dfab831/31781288-8eba-11ee-8795-3ed0b25e551d_26585017.jpg",
      "categories": [
        "TRVANLIVÉ",
        "INSTANTNÍ POKRMY"
      ],
      "prices": [
        {
          "store_name": "Albert",
          "price": 54.9,
          "original_price": null,
          "unit_price": 465.25,
          "unit": "Kg",
          "package_size": "118 g",
          "condition": null
        }
      ],
      "description": null
    },
    {
      "name": "Houska raženka",
      "brand": null,
      "product_url": "https://wolt.com/cs/cze/prague/venue/albert-vinohradska/houska-razenka-itemid-657233256818b938df94863a",
      "image_url": "https://imageproxy.wolt.com/menu/menu-images/63ad795db242366d1f818f36/78f15f64-aef6-11ee-80db-66af11052e7e_20428587.jpg",
      "categories": [
        "PEKÁRNA A CUKRÁRNA",
        "SLANÉ PEČIVO VOLNÉ"
      ],
      "prices": [
        {
          "store_name": "Albert",
          "price": 3.5,
          "original_price": null,
          "unit_price": 70.0,
          "unit": "Kg",
          "package_size": "50 g",
          "condition": "Vyprodáno"
        }
      ],
      "description": null
    },
    {
      "name": "Carte d'Or Pistachio Delight",
      "brand": "Carte",
      "product_url": "https://wolt.com/cs/cze/prague/venue/albert-vinohradska/carte-d-or-pistachio-delight-itemid-6876153a0c6218e9f3e5f4b0",
      "image_url": "https://imageproxy.wolt.com/menu/menu-images/64b62ec5e5ab70cdc92e30f0/def0e024-616e-11f0-990f-228fc40fb1a2_27980385.jpg",
      "categories": [
        "MRAŽENÉ POTRAVINY",
        "ZMRZLINA A NANUKY"
      ],
      "prices": [
        {
          "store_name": "Albert",
          "price": 99.9,
          "original_price": null,
          "unit_price": 121.09,
          "unit": "l",
          "package_size": "825 ml",
          "condition": null
        }
      ],
      "description": null
    },
    {
      "name": "Purina One Kapsička s tuňákem a telecím",
      "brand": "Purina",
      "product_url": "https://wolt.com/cs/cze/prague/venue/albert-vinohradska/purina-one-kapsicka-s-tunakem-a-telecim-itemid-64ca0b7cba162577de48a3e8",
      "image_url": "https://imageproxy.wolt.com/menu/menu-images/64ffec4406cca0140dfab831/4b33c7aa-8ec2-11ee-9ee4-3aebc6ac32b3_27293324.jpg",
      "categories": [
        "ZVÍŘATA",
        "KOČKY"
      ],
      "prices": [
        {
          "store_name": "Albert",
          "price": 64.9,
          "original_price": null,
          "unit_price": 190.88,
          "unit": "Kg",
          "package_size": "340 g",
          "condition": "Vyprodáno"
        }
      ],
      "description": null
    },
    {
      "name": "Faz.v tom.heinz 415/ hjk v rajčatové omáčce",
      "brand": "Faz.v",
      "product_url": "https://wolt.com/cs/cze/prague/venue/albert-vinohradska/faz-v-tom-heinz-415-hjk-v-rajcatove-omacce-itemid-64ca0b7cba162577de489247",
      "image_url": "https://imageproxy.wolt.com/menu/menu-images/63ad795db242366d1f818f36/b0058d4a-ed43-11ef-b0f7-92442b4649be_20734695.jpg",
      "categories": [
        "TRVANLIVÉ",
        "INSTANTNÍ POKRMY"
      ],
      "prices": [
        {
          "store_name": "Albert",
          "price": 67.9,
          "original_price": null,
          "unit_price": 320.28,
          "unit": "Kg",
          "package_size": "212 g",
          "condition": null
        }
      ],
      "description": null
    },
    {
      "name": "Kubík Water višeň",
      "brand": "Kubík",
      "product_url": "https://wolt.com/cs/cze/prague/venue/albert-vinohradska/kubik-water-visen-itemid-657233256818b938df94854c",
      "image_url": "https://imageproxy.wolt.com/menu/menu-images/64ffec4406cca0140dfab831/d0b6c432-8ebc-11ee-95d6-5eb9bb96d91f_26877136.jpg",
      "categories": [
        "NÁPOJE",
        "LIMONÁDY"
      ],
      "prices": [
        {
          "store_name": "Albert",
          "price": 14.9,
          "original_price": null,
          "unit_price": 29.8,
          "unit": "l",
          "package_size": "500 ml",
          "condition": null
        }
      ],
      "description": null
    },
    {
      "name": "Vitana Anýz celý",
      "brand": "Vitana",
      "product_url": "https://wolt.com/cs/cze/prague/venue/albert-vinohradska/vitana-anyz-cely-itemid-657233256818b938df948641",
      "image_url": "https://imageproxy.wolt.com/menu/menu-images/64ffec4406cca0140dfab831/c069b70c-8ebb-11ee-b677-fe8631c3d5e9_26799278.jpg",
      "categories": [
        "TRVANLIVÉ",
        "KOŘENÍ A OCHUCOVADLA"
      ],
      "prices": [
        {
          "store_name": "Albert",
          "price": 22.9,
          "original_price": null,
          "unit_price": 995.65,
          "unit": "Kg",
          "package_size": "23 g",
          "condition": null
        }
      ],
      "description": null
    },
    {
      "name": "Milka Choco Biscuits sušenky s čokoládou",
      "brand": "Milka",
      "product_url": "https://wolt.com/cs/cze/prague/venue/albert-vinohradska/milka-choco-biscuits-susenky-s-cokoladou-itemid-64ca0b7cba162577de488acf",
      "image_url": "https://imageproxy.wolt.com/menu/menu-images/63ad795db242366d1f818f36/63e6db6a-9796-11ef-9301-8217e1617e98_25277593.jpg",
      "categories": [
        "TRVANLIVÉ",
        "SLADKOSTI"
      ],
      "prices": [
        {
          "store_name": "Albert",
          "price": 62.9,
          "original_price": null,
          "unit_price": 419.33,
          "unit": "Kg",
          "package_size": "150 g",
          "condition": null
        }
      ],
      "description": null
    },
    {
      "name": "Lavazza Crema e Gusto zrnková káva",
      "brand": "Lavazza",
      "product_url": "https://wolt.com/cs/cze/prague/venue/albert-vinohradska/lavazza-crema-e-gusto-zrnkova-kava-itemid-64ca0b7cba162577de48a413",
      "image_url": "https://imageproxy.wolt.com/menu/menu-images/64ffec4406cca0140dfab831/a0be70de-8ec3-11ee-9573-a69629e9844e_27389966.jpg",
      "categories": [
        "NÁPOJE",
        "KÁVA A ČAJ"
      ],
      "prices": [
        {
          "store_name": "Albert",
          "price": 549.0,
          "original_price": null,
          "unit_price": 549.0,
          "unit": "Kg",
          "package_size": "1 kg",
          "condition": null
        }
      ],
      "description": null
    },
    {
      "name": "Fa Invisible Sensitive Antiperspirant sprej",
      "brand": "Fa",
      "product_url": "https://wolt.com/cs/cze/prague/venue/albert-vinohradska/fa-invisible-sensitive-antiperspirant-sprej-itemid-6601e08d8721c9f2365ee439",
      "image_url": "https://imageproxy.wolt.com/menu/menu-images/6601c613e48d1c8d95333085/54ccbef2-eae3-11ee-983d-c27cc33af372_26755670.jpg",
      "categories": [
        "DROGERIE A KOSMETIKA",
        "DEODORANTY"
      ],
      "prices": [
        {
          "store_name": "Albert",
          "price": 69.9,
          "original_price": null,
          "unit_price": 466.0,
          "unit": "l",
          "package_size": "150 ml",
          "condition": null
        }
      ],
      "description": null
    },
    {
      "name": "Le Coq Mojito Koktejl 4,7%",
      "brand": "Le Coq",
      "product_url": "https://wolt.com/cs/cze/prague/venue/albert-vinohradska/le-coq-mojito-koktejl-4-7-itemid-64ca0b7cba162577de488fb5",
      "image_url": "https://imageproxy.wolt.com/menu/menu-images/64ffec4406cca0140dfab831/dd7975c0-8ec1-11ee-9b0c-eeaf6a6837cc_27265475.jpg",
      "categories": [
        "NÁPOJE",
        "LIHOVINY"
      ],
      "prices": [
        {
          "store_name": "Albert",
          "price": 44.9,
          "original_price": null,
          "unit_price": 136.06,
          "unit": "l",
          "package_size": "330 ml, 4,7% alc",
          "condition": "18+"
        }
      ],
      "description": null
    },
    {
      "name": "Metaxa 7* 40%",
      "brand": "Metaxa",
      "product_url": "https://wolt.com/cs/cze/prague/venue/albert-vinohradska/metaxa-7-40-itemid-657233256818b938df9485b1",
      "image_url": "https://imageproxy.wolt.com/menu/menu-images/64ffec4406cca0140dfab831/3075bd64-8eaf-11ee-a6d6-76e61dd676ec_23184602.jpg",
      "categories": [
        "NÁPOJE",
        "LIHOVINY"
      ],
      "prices": [
        {
          "store_name": "Albert",
          "price": 439.0,
          "original_price": null,
          "unit_price": 627.14,
          "unit": "l",
          "package_size": "700 ml, 40% alc",
          "condition": "18+"
        }
      ],
      "description": null
    },
    {
      "name": "Giana Broskve",
      "brand": "Giana",
      "product_url": "https://wolt.com/cs/cze/prague/venue/albert-vinohradska/giana-broskve-itemid-64ca0b7cba162577de48900f",
      "image_url": "https://imageproxy.wolt.com/menu/menu-images/63ad795db242366d1f818f36/2a14787c-0608-11ef-a3aa-1611b0f73157_21247866.jpg",
      "categories": [
        "TRVANLIVÉ",
        "KONZERVOVANÉ POTR."
      ],
      "prices": [
        {
          "store_name": "Albert",
          "price": 54.9,
          "original_price": null,
          "unit_price": 261.43,
          "unit": "Kg",
          "package_size": "210 g",
          "condition": null
        }
      ],
      "description": null
    },
    {
      "name": "Somat Rinser oplachovač do myčky",
      "brand": "Somat",
      "product_url": "https://wolt.com/cs/cze/prague/venue/albert-vinohradska/somat-rinser-oplachovac-do-mycky-itemid-64ca0b7cba162577de489d71",
      "image_url": "https://imageproxy.wolt.com/menu/menu-images/6745ec28c3b7723db3588430/0914f98a-d4fb-11f0-bae2-42e7bc99eeed_24286558.jpg",
      "categories": [
        "DROGERIE A KOSMETIKA",
        "MYTÍ NÁDOBÍ"
      ],
      "prices": [
        {
          "store_name": "Albert",
          "price": 99.9,
          "original_price": null,
          "unit_price": 133.2,
          "unit": "l",
          "package_size": "750 ml",
          "condition": null
        }
      ],
      "description": null
    },
    {
      "name": "Mlékárna ValMez Jogurt bílý",
      "brand": "Mlékárna",
      "product_url": "https://wolt.com/cs/cze/prague/venue/albert-vinohradska/mlekarna-valmez-jogurt-bily-itemid-64ca0b7cba162577de489554",
      "image_url": "https://imageproxy.wolt.com/menu/menu-images/64ffec4406cca0140dfab831/41da01e4-8eb6-11ee-ace6-96ff514b0205_25732672.jpg",
      "categories": [
        "MLÉČNÉ A CHLAZENÉ",
        "JOGURTY A DEZERTY"
      ],
      "prices": [
        {
          "store_name": "Albert",
          "price": 15.9,
          "original_price": null,
          "unit_price": 106.0,
          "unit": "Kg",
          "package_size": "150 g",
          "condition": null
        }
      ],
      "description": null
    },
    {
      "name": "Santa Maria Tortilla Original pšeničná velká",
      "brand": "Santa",
      "product_url": "https://wolt.com/cs/cze/prague/venue/albert-vinohradska/santa-maria-tortilla-original-psenicna-velka-itemid-64ca0b7cba162577de489618",
      "image_url": "https://imageproxy.wolt.com/menu/menu-images/64ffec4406cca0140dfab831/66f61ac2-8eb0-11ee-8b63-3a1814765055_23762473.jpg",
      "categories": [
        "TRVANLIVÉ",
        "PEČENÍ A VAŘENÍ"
      ],
      "prices": [
        {
          "store_name": "Albert",
          "price": 99.9,
          "original_price": null,
          "unit_price": 269.27,
          "unit": "Kg",
          "package_size": "371 g",
          "condition": null
        }
      ],
      "description": null
    },
    {
      "name": "Vitana Pepř černý celý",
      "brand": "Vitana",
      "product_url": "https://wolt.com/cs/cze/prague/venue/albert-vinohradska/vitana-pepr-cerny-cely-itemid-64ca0b7cba162577de489195",
      "image_url": "https://imageproxy.wolt.com/menu/menu-images/64ffec4406cca0140dfab831/e69b1b88-8eba-11ee-8d1f-0208801a60c2_26692425.jpg",
      "categories": [
        "TRVANLIVÉ",
        "KOŘENÍ A OCHUCOVADLA"
      ],
      "prices": [
        {
          "store_name": "Albert",
          "price": 19.9,
          "original_price": null,
          "unit_price": 1105.56,
          "unit": "Kg",
          "package_size": "18 g",
          "condition": null
        }
      ],
      "description": null
    },
    {
      "name": "Mlékárna Kunín Kefírové mléko banán",
      "brand": "Mlékárna Kunín",
      "product_url": "https://wolt.com/cs/cze/prague/venue/albert-vinohradska/mlekarna-kunin-kefirove-mleko-banan-itemid-64ca0b7cba162577de489194",
      "image_url": "https://imageproxy.wolt.com/menu/menu-images/64ffec4406cca0140dfab831/54c5f268-8ebb-11ee-91a7-62428f7ce5a3_26766492.jpg",
      "categories": [
        "MLÉČNÉ A CHLAZENÉ",
        "MLÉČNÉ NÁPOJE"
      ],
      "prices": [
        {
          "store_name": "Albert",
          "price": 24.9,
          "original_price": null,
          "unit_price": 55.33,
          "unit": "Kg",
          "package_size": "450 g",
          "condition": "Vyprodáno"
        }
      ],
      "description": null
    },
    {
      "name": "Gustona Džem lesní ovoce",
      "brand": "Gustona",
      "product_url": "https://wolt.com/cs/cze/prague/venue/albert-vinohradska/gustona-dzem-lesni-ovoce-itemid-681b5abffcbd67bf7a8f4ad3",
      "image_url": "https://imageproxy.wolt.com/menu/menu-images/63ad795db242366d1f818f36/0ade2484-2b47-11f0-b846-1ea77517e135_25152395.jpg",
      "categories": [
        "TRVANLIVÉ",
        "KONZERVOVANÉ POTR."
      ],
      "prices": [
        {
          "store_name": "Albert",
          "price": 49.9,
          "original_price": null,
          "unit_price": 110.89,
          "unit": "Kg",
          "package_size": "450 g",
          "condition": null
        }
      ],
      "description": null
    },
    {
      "name": "Jacobs Espresso zrnková káva",
      "brand": "Jacobs",
      "product_url": "https://wolt.com/cs/cze/prague/venue/albert-vinohradska/jacobs-espresso-zrnkova-kava-itemid-64ca0b7cba162577de48a28c",
      "image_url": "https://imageproxy.wolt.com/menu/menu-images/64ffec4406cca0140dfab831/b9fb904c-8ebc-11ee-8523-9ec5d8563a7d_26864549.jpg",
      "categories": [
        "NÁPOJE",
        "KÁVA A ČAJ"
      ],
      "prices": [
        {
          "store_name": "Albert",
          "price": 389.0,
          "original_price": null,
          "unit_price": 389.0,
          "unit": "Kg",
          "package_size": "1 kg",
          "condition": null
        }
      ],
      "description": null
    },
    {
      "name": "Albert Utěrky univerzální vysoce savé",
      "brand": "Albert",
      "product_url": "https://wolt.com/cs/cze/prague/venue/albert-vinohradska/albert-uterky-univerzalni-vysoce-save-itemid-64ca0b7cba162577de488d0d",
      "image_url": "https://imageproxy.wolt.com/menu/menu-images/64ffec4406cca0140dfab831/7fc3214e-8ebf-11ee-9891-fea1896da317_27122396.jpg",
      "categories": [
        "DOMÁCNOST A ZAHRADA",
        "ÚKLIDOVÉ POTŘEBY"
      ],
      "prices": [
        {
          "store_name": "Albert",
          "price": 24.9,
          "original_price": null,
          "unit_price": 8.3,
          "unit": "ks",
          "package_size": "‪3‬ kusů",
          "condition": null
        }
      ],
      "description": null
    },
    {
      "name": "Madeta MAXI Lipánek tradiční vanilkový",
      "brand": "Madeta",
      "product_url": "https://wolt.com/cs/cze/prague/venue/albert-vinohradska/madeta-maxi-lipanek-tradicni-vanilkovy-itemid-64ca0b7cba162577de488231",
      "image_url": "https://imageproxy.wolt.com/menu/menu-images/64ffec4406cca0140dfab831/de0f0c64-8eaf-11ee-9823-12ad6b72684e_23563599.jpg",
      "categories": [
        "MLÉČNÉ A CHLAZENÉ",
        "JOGURTY A DEZERTY"
      ],
      "prices": [
        {
          "store_name": "Albert",
          "price": 23.9,
          "original_price": null,
          "unit_price": 183.85,
          "unit": "Kg",
          "package_size": "130 g",
          "condition": null
        }
      ],
      "description": null
    },
    {
      "name": "Bref Power Aktiv Lavender tuhý WC blok",
      "brand": "Bref",
      "product_url": "https://wolt.com/cs/cze/prague/venue/albert-vinohradska/bref-power-aktiv-lavender-tuhy-wc-blok-itemid-64ca0b7cba162577de488e01",
      "image_url": "https://imageproxy.wolt.com/menu/menu-images/63ad795db242366d1f818f36/46416956-765b-11ef-8c03-1ec094d99721_26321257.jpg",
      "categories": [
        "DOMÁCNOST A ZAHRADA",
        "ÚKLIDOVÉ POTŘEBY"
      ],
      "prices": [
        {
          "store_name": "Albert",
          "price": 64.9,
          "original_price": null,
          "unit_price": 432.67,
          "unit": "Kg",
          "package_size": "150 g",
          "condition": null
        }
      ],
      "description": null
    },
    {
      "name": "Gastro Ďábelský salát",
      "brand": "Gastro",
      "product_url": "https://wolt.com/cs/cze/prague/venue/albert-vinohradska/gastro-dabelsky-salat-itemid-64ca0b7cba162577de489636",
      "image_url": "https://imageproxy.wolt.com/menu/menu-images/64ffec4406cca0140dfab831/f21243c6-8ebd-11ee-a4e8-62c80973176d_26979564.jpg",
      "categories": [
        "UZENINY A LAHŮDKY",
        "SALÁTY A POMAZÁNKY"
      ],
      "prices": [
        {
          "store_name": "Albert",
          "price": 23.9,
          "original_price": null,
          "unit_price": 159.33,
          "unit": "Kg",
          "package_size": "150 g",
          "condition": null
        }
      ],
      "description": null
    },
    {
      "name": "Král Sýrů Hermelín originál",
      "brand": "Král",
      "product_url": "https://wolt.com/cs/cze/prague/venue/albert-vinohradska/kral-syru-hermelin-original-itemid-64ca0b7cba162577de4882db",
      "image_url": "https://imageproxy.wolt.com/menu/menu-images/63ad795db242366d1f818f36/33350a82-0b7d-11ef-a0d5-763622a046a0_20294373.jpg",
      "categories": [
        "MLÉČNÉ A CHLAZENÉ",
        "SÝRY"
      ],
      "prices": [
        {
          "store_name": "Albert",
          "price": null,
          "original_price": null,
          "unit_price": 332.5,
          "unit": "Kg",
          "package_size": "120 g",
          "condition": "Sleva"
        }
      ],
      "description": null
    },
    {
      "name": "Vitana Naše Byšická jíška Zápražka tmavá",
      "brand": "Vitana",
      "product_url": "https://wolt.com/cs/cze/prague/venue/albert-vinohradska/vitana-nase-bysicka-jiska-zaprazka-tmava-itemid-64ca0b7cba162577de489338",
      "image_url": "https://imageproxy.wolt.com/menu/menu-images/64ffec4406cca0140dfab831/ac15d7a4-8ec5-11ee-8352-fedb83882cb3_27567982.jpg",
      "categories": [
        "TRVANLIVÉ",
        "PEČENÍ A VAŘENÍ"
      ],
      "prices": [
        {
          "store_name": "Albert",
          "price": 57.9,
          "original_price": null,
          "unit_price": 304.74,
          "unit": "Kg",
          "package_size": "190 g",
          "condition": null
        }
      ],
      "description": null
    },
    {
      "name": "Nature's Promise Bio Rajčata loupaná celá",
      "brand": "Nature's Promise",
      "product_url": "https://wolt.com/cs/cze/prague/venue/albert-vinohradska/nature-s-promise-bio-rajcata-loupana-cela-itemid-64ca0b7cba162577de488389",
      "image_url": "https://imageproxy.wolt.com/menu/menu-images/64ffec4406cca0140dfab831/b94495fa-8ec5-11ee-8084-2254ad732fe4_27570418.jpg",
      "categories": [
        "TRVANLIVÉ",
        "KONZERVOVANÉ POTR."
      ],
      "prices": [
        {
          "store_name": "Albert",
          "price": 21.9,
          "original_price": null,
          "unit_price": 91.25,
          "unit": "Kg",
          "package_size": "240 g",
          "condition": null
        }
      ],
      "description": null
    },
    {
      "name": "Mionetto Prosecco Treviso",
      "brand": "Mionetto",
      "product_url": "https://wolt.com/cs/cze/prague/venue/albert-vinohradska/mionetto-prosecco-treviso-itemid-657233256818b938df947878",
      "image_url": "https://imageproxy.wolt.com/menu/menu-images/64ffec4406cca0140dfab831/6c8697e2-8eb9-11ee-8c45-ca3c3355ab39_26422855.jpg",
      "categories": [
        "NÁPOJE",
        "VÍNA"
      ],
      "prices": [
        {
          "store_name": "Albert",
          "price": 189.0,
          "original_price": null,
          "unit_price": 252.0,
          "unit": "l",
          "package_size": "750 ml, 11% alc",
          "condition": "18+"
        }
      ],
      "description": null
    },
    {
      "name": "Caprio pomeranč",
      "brand": "Caprio",
      "product_url": "https://wolt.com/cs/cze/prague/venue/albert-vinohradska/caprio-pomeranc-itemid-64ca0b7cba162577de48998d",
      "image_url": "https://imageproxy.wolt.com/menu/menu-images/64ffec4406cca0140dfab831/1ded9538-8eb2-11ee-b106-8e50ebf9f3ec_24661195.jpg",
      "categories": [
        "NÁPOJE",
        "DŽUSY A NEKTARY"
      ],
      "prices": [
        {
          "store_name": "Albert",
          "price": 49.9,
          "original_price": null,
          "unit_price": 24.95,
          "unit": "l",
          "package_size": "2 l",
          "condition": null
        }
      ],
      "description": null
    },
    {
      "name": "Nature's Promise Bio Vločky pohankové",
      "brand": "Nature's Promise",
      "product_url": "https://wolt.com/cs/cze/prague/venue/albert-vinohradska/nature-s-promise-bio-vlocky-pohankove-itemid-64ca0b7cba162577de4894c8",
      "image_url": "https://imageproxy.wolt.com/menu/menu-images/63ad795db242366d1f818f36/f69cffca-4804-11ef-896c-12ec700dce98_26848730.jpg",
      "categories": [
        "TRVANLIVÉ",
        "MÜSLI A CEREÁLIE"
      ],
      "prices": [
        {
          "store_name": "Albert",
          "price": null,
          "original_price": null,
          "unit_price": 159.6,
          "unit": "Kg",
          "package_size": "250 g",
          "condition": "Sleva"
        }
      ],
      "description": null
    },
    {
      "name": "First Class Paštika s hovězím pro psy",
      "brand": "First",
      "product_url": "https://wolt.com/cs/cze/prague/venue/albert-vinohradska/first-class-pastika-s-hovezim-pro-psy-itemid-64ca0b7cba162577de4892da",
      "image_url": "https://imageproxy.wolt.com/menu/menu-images/64ffec4406cca0140dfab831/e9bed814-8eaf-11ee-8937-067f756def6c_23574199.jpg",
      "categories": [
        "ZVÍŘATA",
        "PSI"
      ],
      "prices": [
        {
          "store_name": "Albert",
          "price": 35.9,
          "original_price": null,
          "unit_price": null,
          "unit": null,
          "package_size": null,
          "condition": null
        }
      ],
      "description": null
    },
    {
      "name": "Boneco Dijon hořčice",
      "brand": "Boneco",
      "product_url": "https://wolt.com/cs/cze/prague/venue/albert-vinohradska/boneco-dijon-horcice-itemid-64ca0b7cba162577de489216",
      "image_url": "https://imageproxy.wolt.com/menu/menu-images/63ad795db242366d1f818f36/998dc54e-df7c-11ee-aeae-0a616f579f12_20782108.jpg",
      "categories": [
        "TRVANLIVÉ",
        "KEČUPY A HOŘČICE"
      ],
      "prices": [
        {
          "store_name": "Albert",
          "price": 27.5,
          "original_price": null,
          "unit_price": 105.77,
          "unit": "Kg",
          "package_size": "260 g",
          "condition": null
        }
      ],
      "description": null
    },
    {
      "name": "Taft True Volume lak na vlasy 5",
      "brand": "Taft",
      "product_url": "https://wolt.com/cs/cze/prague/venue/albert-vinohradska/taft-true-volume-lak-na-vlasy-5-itemid-64ca0b7cba162577de488f23",
      "image_url": "https://imageproxy.wolt.com/menu/menu-images/63ad795db242366d1f818f36/3ef61d7a-0b7d-11ef-9773-1e1994c88023_25447118.jpg",
      "categories": [
        "DROGERIE A KOSMETIKA",
        "PÉČE O VLASY"
      ],
      "prices": [
        {
          "store_name": "Albert",
          "price": 119.9,
          "original_price": null,
          "unit_price": 479.6,
          "unit": "l",
          "package_size": "250 ml",
          "condition": null
        }
      ],
      "description": null
    },
    {
      "name": "Lišácké jablko Cider hruška",
      "brand": "Lišácké",
      "product_url": "https://wolt.com/cs/cze/prague/venue/albert-vinohradska/lisacke-jablko-cider-hruska-itemid-64ca0b7cba162577de4890bf",
      "image_url": "https://imageproxy.wolt.com/menu/menu-images/64ffec4406cca0140dfab831/b1999f1a-8ebd-11ee-8ba6-2ea44b0f5f93_26961385.jpg",
      "categories": [
        "NÁPOJE",
        "PIVA"
      ],
      "prices": [
        {
          "store_name": "Albert",
          "price": 27.9,
          "original_price": null,
          "unit_price": 55.8,
          "unit": "l",
          "package_size": "500 ml, 4,5% alc",
          "condition": "18+"
        }
      ],
      "description": null
    },
    {
      "name": "Wrigleys Airwaves Cool Cassis",
      "brand": "Wrigleys",
      "product_url": "https://wolt.com/cs/cze/prague/venue/albert-vinohradska/wrigleys-airwaves-cool-cassis-itemid-64ca0b7cba162577de488a2b",
      "image_url": "https://imageproxy.wolt.com/menu/menu-images/64ffec4406cca0140dfab831/06ec85ca-8ebb-11ee-b10f-2672547c66c2_26728193.jpg",
      "categories": [
        "TRVANLIVÉ",
        "SLADKOSTI"
      ],
      "prices": [
        {
          "store_name": "Albert",
          "price": 74.9,
          "original_price": null,
          "unit_price": 1170.31,
          "unit": "Kg",
          "package_size": "64 g",
          "condition": null
        }
      ],
      "description": null
    },
    {
      "name": "Avanti Classico",
      "brand": "Avanti",
      "product_url": "https://wolt.com/cs/cze/prague/venue/albert-vinohradska/avanti-classico-itemid-64ca0b7cba162577de48920a",
      "image_url": "https://imageproxy.wolt.com/menu/menu-images/64ffec4406cca0140dfab831/11ed003e-8ead-11ee-bae1-ca969f421442_20454319.jpg",
      "categories": [
        "NÁPOJE",
        "VÍNA"
      ],
      "prices": [
        {
          "store_name": "Albert",
          "price": 79.9,
          "original_price": null,
          "unit_price": 106.53,
          "unit": "l",
          "package_size": "750 ml, 9% alc",
          "condition": "18+"
        }
      ],
      "description": null
    },
    {
      "name": "Madeta Jihočeské pomazánkové bez příchuti",
      "brand": "Madeta",
      "product_url": "https://wolt.com/cs/cze/prague/venue/albert-vinohradska/madeta-jihoceske-pomazankove-bez-prichuti-itemid-64ca0b7cba162577de4880bf",
      "image_url": "https://imageproxy.wolt.com/menu/menu-images/63ad795db242366d1f818f36/01a4f556-7826-11f0-9108-92b75d278206_24117852.jpg",
      "categories": [
        "MLÉČNÉ A CHLAZENÉ",
        "MÁSLO A TUKY"
      ],
      "prices": [
        {
          "store_name": "Albert",
          "price": null,
          "original_price": null,
          "unit_price": 199.33,
          "unit": "Kg",
          "package_size": "150 g",
          "condition": "Sleva"
        }
      ],
      "description": null
    },
    {
      "name": "Lindt Excellence Čokoláda hořká 90%",
      "brand": "Lindt",
      "product_url": "https://wolt.com/cs/cze/prague/venue/albert-vinohradska/lindt-excellence-cokolada-horka-90-itemid-64ca0b7cba162577de48953b",
      "image_url": "https://imageproxy.wolt.com/menu/menu-images/64ffec4406cca0140dfab831/b5c7d062-8eb2-11ee-910d-4ac825cfc539_24860840.jpg",
      "categories": [
        "TRVANLIVÉ",
        "SLADKOSTI"
      ],
      "prices": [
        {
          "store_name": "Albert",
          "price": 89.9,
          "original_price": null,
          "unit_price": 899.0,
          "unit": "Kg",
          "package_size": "100 g",
          "condition": null
        }
      ],
      "description": null
    },
    {
      "name": "Albert Excellent Salám pekelný s chilli",
      "brand": "Albert Excellent",
      "product_url": "https://wolt.com/cs/cze/prague/venue/albert-vinohradska/albert-excellent-salam-pekelny-s-chilli-itemid-657233256818b938df947b8a",
      "image_url": "https://imageproxy.wolt.com/menu/menu-images/64ffec4406cca0140dfab831/8b16a5f8-8ebe-11ee-8f47-06cf0d3d89bd_27035498.jpg",
      "categories": [
        "UZENINY A LAHŮDKY",
        "SALÁMY"
      ],
      "prices": [
        {
          "store_name": "Albert",
          "price": 51.9,
          "original_price": null,
          "unit_price": 692.0,
          "unit": "Kg",
          "package_size": "75 g",
          "condition": null
        }
      ],
      "description": null
    },
    {
      "name": "Zátkovy vaječné těstoviny Špagety",
      "brand": "Zátkovy",
      "product_url": "https://wolt.com/cs/cze/prague/venue/albert-vinohradska/zatkovy-vajecne-testoviny-spagety-itemid-64ca0b7cba162577de488393",
      "image_url": "https://imageproxy.wolt.com/menu/menu-images/64ffec4406cca0140dfab831/0d60d452-8eb5-11ee-8f7c-2a789dffa3ae_25471519.jpg",
      "categories": [
        "TRVANLIVÉ",
        "TĚSTOVINY A KUSKUS"
      ],
      "prices": [
        {
          "store_name": "Albert",
          "price": 39.9,
          "original_price": null,
          "unit_price": 79.8,
          "unit": "Kg",
          "package_size": "500 g",
          "condition": null
        }
      ],
      "description": null
    },
    {
      "name": "Corny BIG cereální tyčinka bílá čokoláda",
      "brand": "Corny",
      "product_url": "https://wolt.com/cs/cze/prague/venue/albert-vinohradska/corny-big-cerealni-tycinka-bila-cokolada-itemid-64ca0b7cba162577de489692",
      "image_url": "https://imageproxy.wolt.com/menu/menu-images/64ffec4406cca0140dfab831/e07802e6-8f48-11ee-aa2e-8afc00d3a1c5_26626475.jpg",
      "categories": [
        "TRVANLIVÉ",
        "MÜSLI A CEREÁLIE"
      ],
      "prices": [
        {
          "store_name": "Albert",
          "price": null,
          "original_price": null,
          "unit_price": 397.5,
          "unit": "Kg",
          "package_size": "40 g",
          "condition": "Sleva"
        }
      ],
      "description": null
    },
    {
      "name": "Zlatý bažant Radler mango a marakuja",
      "brand": "Zlatý",
      "product_url": "https://wolt.com/cs/cze/prague/venue/albert-vinohradska/zlaty-bazant-radler-mango-a-marakuja-itemid-681b5abffcbd67bf7a8f4a6f",
      "image_url": "https://imageproxy.wolt.com/menu/menu-images/63ad795db242366d1f818f36/f5311d98-2b47-11f0-8bbf-b6fadc7ea6f1_27977682.jpg",
      "categories": [
        "NÁPOJE",
        "CIDERY"
      ],
      "prices": [
        {
          "store_name": "Albert",
          "price": 24.9,
          "original_price": null,
          "unit_price": 49.8,
          "unit": "l",
          "package_size": "500 ml",
          "condition": null
        }
      ],
      "description": null
    },
    {
      "name": "Nature's Promise Bio Mouka kukuřičná bez lepku",
      "brand": "Nature's Promise",
      "product_url": "https://wolt.com/cs/cze/prague/venue/albert-vinohradska/nature-s-promise-bio-mouka-kukuricna-bez-lepku-itemid-64ca0b7cba162577de489f7f",
      "image_url": "https://imageproxy.wolt.com/menu/menu-images/64ffec4406cca0140dfab831/07167dac-8ebc-11ee-ba98-5e4e081b1cfc_26816418.jpg",
      "categories": [
        "TRVANLIVÉ",
        "PEČENÍ A VAŘENÍ"
      ],
      "prices": [
        {
          "store_name": "Albert",
          "price": null,
          "original_price": null,
          "unit_price": 55.33,
          "unit": "Kg",
          "package_size": "450 g",
          "condition": "Sleva"
        }
      ],
      "description": null
    },
    {
      "name": "Relax limonáda kaktus",
      "brand": "Relax",
      "product_url": "https://wolt.com/cs/cze/prague/venue/albert-vinohradska/relax-limonada-kaktus-itemid-64ca0b7cba162577de4896a9",
      "image_url": "https://imageproxy.wolt.com/menu/menu-images/64ffec4406cca0140dfab831/23ee07f8-8ebf-11ee-b3e8-2ef6707f48ec_27093634.jpg",
      "categories": [
        "NÁPOJE",
        "LIMONÁDY"
      ],
      "prices": [
        {
          "store_name": "Albert",
          "price": 23.9,
          "original_price": null,
          "unit_price": 72.42,
          "unit": "l",
          "package_size": "330 ml",
          "condition": null
        }
      ],
      "description": null
    },
    {
      "name": "Celita Sójový suk",
      "brand": "Celita",
      "product_url": "https://wolt.com/cs/cze/prague/venue/albert-vinohradska/celita-sojovy-suk-itemid-64ca0b7cba162577de488ad5",
      "image_url": "https://imageproxy.wolt.com/menu/menu-images/64ffec4406cca0140dfab831/e70e6542-8eb6-11ee-8ce2-faf7ab9749a2_25856101.jpg",
      "categories": [
        "TRVANLIVÉ",
        "SLADKOSTI"
      ],
      "prices": [
        {
          "store_name": "Albert",
          "price": 15.9,
          "original_price": null,
          "unit_price": 397.5,
          "unit": "Kg",
          "package_size": "40 g",
          "condition": null
        }
      ],
      "description": null
    },
    {
      "name": "Gordons Pink Premium 37,5%",
      "brand": "Gordons",
      "product_url": "https://wolt.com/cs/cze/prague/venue/albert-vinohradska/gordons-pink-premium-37-5-itemid-64ca0b7cba162577de4899ba",
      "image_url": "https://imageproxy.wolt.com/menu/menu-images/64ffec4406cca0140dfab831/29af1976-8ebe-11ee-b3a3-1299365deb04_26995489.jpg",
      "categories": [
        "NÁPOJE",
        "LIHOVINY"
      ],
      "prices": [
        {
          "store_name": "Albert",
          "price": 479.0,
          "original_price": null,
          "unit_price": 684.29,
          "unit": "l",
          "package_size": "700 ml, 37,5% alc",
          "condition": "18+"
        }
      ],
      "description": null
    },
    {
      "name": "Madeta Zakysaná smetana 18%",
      "brand": "Madeta",
      "product_url": "https://wolt.com/cs/cze/prague/venue/albert-vinohradska/madeta-zakysana-smetana-18-itemid-64ca0b7cba162577de48962a",
      "image_url": "https://imageproxy.wolt.com/menu/menu-images/64ffec4406cca0140dfab831/34c3067c-8eb6-11ee-80f6-2a867062f6f7_25712339.jpg",
      "categories": [
        "MLÉČNÉ A CHLAZENÉ",
        "SMETANY A ŠLEHAČKY"
      ],
      "prices": [
        {
          "store_name": "Albert",
          "price": 32.9,
          "original_price": null,
          "unit_price": 182.78,
          "unit": "Kg",
          "package_size": "180 g",
          "condition": null
        }
      ],
      "description": null
    },
    {
      "name": "Opavia Bochánky",
      "brand": "Opavia",
      "product_url": "https://wolt.com/cs/cze/prague/venue/albert-vinohradska/opavia-bochanky-itemid-64ca0b7cba162577de48968b",
      "image_url": "https://imageproxy.wolt.com/menu/menu-images/63ad795db242366d1f818f36/fefc764a-f8ef-11ef-a11c-de3993255986_27450598.jpg",
      "categories": [
        "TRVANLIVÉ",
        "SLADKOSTI"
      ],
      "prices": [
        {
          "store_name": "Albert",
          "price": 49.9,
          "original_price": null,
          "unit_price": 356.43,
          "unit": "Kg",
          "package_size": "140 g",
          "condition": null
        }
      ],
      "description": null
    },
    {
      "name": "Rice Up Rýžové chipsy Sůl a pepř bez lepku",
      "brand": "Rice Up",
      "product_url": "https://wolt.com/cs/cze/prague/venue/albert-vinohradska/rice-up-ryzove-chipsy-sul-a-pepr-bez-lepku-itemid-64ca0b7cba162577de489993",
      "image_url": "https://imageproxy.wolt.com/menu/menu-images/64ffec4406cca0140dfab831/4803ddbe-8ec1-11ee-b0f6-6aec994b6205_27232217.jpg",
      "categories": [
        "TRVANLIVÉ",
        "SLANÉ"
      ],
      "prices": [
        {
          "store_name": "Albert",
          "price": 29.9,
          "original_price": null,
          "unit_price": 498.33,
          "unit": "Kg",
          "package_size": "60 g",
          "condition": null
        }
      ],
      "description": null
    },
    {
      "name": "Aperol Spritz Bitter Ready to Serve 9%",
      "brand": "Aperol",
      "product_url": "https://wolt.com/cs/cze/prague/venue/albert-vinohradska/aperol-spritz-bitter-ready-to-serve-9-itemid-657233256818b938df948426",
      "image_url": "https://imageproxy.wolt.com/menu/menu-images/64ffec4406cca0140dfab831/7b8fc176-8eca-11ee-a052-a670774e69e5_27778494.jpg",
      "categories": [
        "NÁPOJE",
        "LIHOVINY"
      ],
      "prices": [
        {
          "store_name": "Albert",
          "price": 269.0,
          "original_price": null,
          "unit_price": 448.33,
          "unit": "l",
          "package_size": "600 ml, 9% alc",
          "condition": "18+"
        }
      ],
      "description": null
    },
    {
      "name": "Relax Jablko limetka kaktus",
      "brand": "Relax",
      "product_url": "https://wolt.com/cs/cze/prague/venue/albert-vinohradska/relax-jablko-limetka-kaktus-itemid-657233256818b938df947af7",
      "image_url": "https://imageproxy.wolt.com/menu/menu-images/64ffec4406cca0140dfab831/200b3014-8ec6-11ee-8c07-5e8c96b8dcdd_27599945.jpg",
      "categories": [
        "NÁPOJE",
        "DŽUSY A NEKTARY"
      ],
      "prices": [
        {
          "store_name": "Albert",
          "price": 52.9,
          "original_price": null,
          "unit_price": 52.9,
          "unit": "l",
          "package_size": "1 l",
          "condition": null
        }
      ],
      "description": null
    },
    {
      "name": "Dr. Oetker Crème Olé vanilka",
      "brand": "Dr. Oetker",
      "product_url": "https://wolt.com/cs/cze/prague/venue/albert-vinohradska/dr-oetker-creme-ole-vanilka-itemid-64ca0b7cba162577de489482",
      "image_url": "https://imageproxy.wolt.com/menu/menu-images/63ad795db242366d1f818f36/fac29262-a8e9-11f0-98ff-bac29f515f79_23913066.jpg",
      "categories": [
        "TRVANLIVÉ",
        "PEČENÍ A VAŘENÍ"
      ],
      "prices": [
        {
          "store_name": "Albert",
          "price": 25.9,
          "original_price": null,
          "unit_price": 518.0,
          "unit": "Kg",
          "package_size": "50 g",
          "condition": null
        }
      ],
      "description": null
    },
    {
      "name": "Sunar Complex 2 Kojenecké pokračovací mléko",
      "brand": "Sunar",
      "product_url": "https://wolt.com/cs/cze/prague/venue/albert-vinohradska/sunar-complex-2-kojenecke-pokracovaci-mleko-itemid-64ca0b7cba162577de488e53",
      "image_url": "https://imageproxy.wolt.com/menu/menu-images/63ad795db242366d1f818f36/9f8d471e-765b-11ef-b5e0-ee2a413eb605_23916463.jpg",
      "categories": [
        "DÍTĚ",
        "VÝŽIVA"
      ],
      "prices": [
        {
          "store_name": "Albert",
          "price": 229.0,
          "original_price": null,
          "unit_price": 381.67,
          "unit": "Kg",
          "package_size": "600 g",
          "condition": null
        }
      ],
      "description": null
    },
    {
      "name": "Alpro Kokosový dezert bílý",
      "brand": "Alpro",
      "product_url": "https://wolt.com/cs/cze/prague/venue/albert-vinohradska/alpro-kokosovy-dezert-bily-itemid-64ca0b7cba162577de489761",
      "image_url": "https://imageproxy.wolt.com/menu/menu-images/64ffec4406cca0140dfab831/1ab852f2-8ec3-11ee-bd2c-66f80a096b2a_27351529.jpg",
      "categories": [
        "MLÉČNÉ A CHLAZENÉ",
        "ROSTLINNÉ PRODUKTY"
      ],
      "prices": [
        {
          "store_name": "Albert",
          "price": 41.9,
          "original_price": null,
          "unit_price": 349.17,
          "unit": "Kg",
          "package_size": "120 g",
          "condition": null
        }
      ],
      "description": null
    },
    {
      "name": "Oreo Sušenky s vanilkovou náplní",
      "brand": "Oreo",
      "product_url": "https://wolt.com/cs/cze/prague/venue/albert-vinohradska/oreo-susenky-s-vanilkovou-naplni-itemid-64ca0b7cba162577de488897",
      "image_url": "https://imageproxy.wolt.com/menu/menu-images/63ad795db242366d1f818f36/e437628e-f8ef-11ef-92b5-f20bdc3a7d62_26407234.jpg",
      "categories": [
        "TRVANLIVÉ",
        "SLADKOSTI"
      ],
      "prices": [
        {
          "store_name": "Albert",
          "price": 14.9,
          "original_price": null,
          "unit_price": 338.64,
          "unit": "Kg",
          "package_size": "44 g",
          "condition": null
        }
      ],
      "description": null
    },
    {
      "name": "Faxe Premium světlý ležák",
      "brand": "Faxe",
      "product_url": "https://wolt.com/cs/cze/prague/venue/albert-vinohradska/faxe-premium-svetly-lezak-itemid-657233256818b938df948abf",
      "image_url": "https://imageproxy.wolt.com/menu/menu-images/64ffec4406cca0140dfab831/ff002604-8ebb-11ee-8399-cef5e19e5e09_26816029.jpg",
      "categories": [
        "NÁPOJE",
        "PIVA"
      ],
      "prices": [
        {
          "store_name": "Albert",
          "price": 89.9,
          "original_price": null,
          "unit_price": 89.9,
          "unit": "l",
          "package_size": "1 l, 5% alc",
          "condition": "18+"
        }
      ],
      "description": null
    },
    {
      "name": "Milka Tyčinka Leo oplatka v mléčné čokoládě",
      "brand": "Milka",
      "product_url": "https://wolt.com/cs/cze/prague/venue/albert-vinohradska/milka-tycinka-leo-oplatka-v-mlecne-cokolade-itemid-660212f55f111f66d5d7896e",
      "image_url": "https://imageproxy.wolt.com/menu/menu-images/6601c613e48d1c8d95333085/049f50bc-eae2-11ee-9838-aae3aea8b537_20316914.jpg",
      "categories": [
        "TRVANLIVÉ",
        "SLADKOSTI"
      ],
      "prices": [
        {
          "store_name": "Albert",
          "price": null,
          "original_price": null,
          "unit_price": 512.12,
          "unit": "Kg",
          "package_size": "33 g",
          "condition": "Sleva"
        }
      ],
      "description": null
    },
    {
      "name": "Albert Sýrové nitě neuzené",
      "brand": "Albert",
      "product_url": "https://wolt.com/cs/cze/prague/venue/albert-vinohradska/albert-syrove-nite-neuzene-itemid-64ca0b7cba162577de488c4d",
      "image_url": "https://imageproxy.wolt.com/menu/menu-images/63ad795db242366d1f818f36/3e04342a-2b47-11f0-b575-56870c2c8271_27591635.jpg",
      "categories": [
        "MLÉČNÉ A CHLAZENÉ",
        "SÝRY"
      ],
      "prices": [
        {
          "store_name": "Albert",
          "price": 79.9,
          "original_price": null,
          "unit_price": 319.6,
          "unit": "Kg",
          "package_size": "250 g",
          "condition": null
        }
      ],
      "description": null
    },
    {
      "name": "Albert Pomazánka z tresky ala losos",
      "brand": "Albert",
      "product_url": "https://wolt.com/cs/cze/prague/venue/albert-vinohradska/albert-pomazanka-z-tresky-ala-losos-itemid-64ca0b7cba162577de4897cd",
      "image_url": "https://imageproxy.wolt.com/menu/menu-images/64ffec4406cca0140dfab831/89043dbc-8ec2-11ee-b326-5e4be69f0c6c_27305256.jpg",
      "categories": [
        "UZENINY A LAHŮDKY",
        "SALÁTY A POMAZÁNKY"
      ],
      "prices": [
        {
          "store_name": "Albert",
          "price": null,
          "original_price": null,
          "unit_price": 232.5,
          "unit": "Kg",
          "package_size": "120 g",
          "condition": "Sleva"
        }
      ],
      "description": null
    },
    {
      "name": "Oreo Sušenky s vanilkovou náplní",
      "brand": "Oreo",
      "product_url": "https://wolt.com/cs/cze/prague/venue/albert-vinohradska/oreo-susenky-s-vanilkovou-naplni-itemid-64ca0b7cba162577de48881b",
      "image_url": "https://imageproxy.wolt.com/menu/menu-images/63ad795db242366d1f818f36/e7c2f4ee-377b-11ef-9d7c-369ec875f8eb_25351057.jpg",
      "categories": [
        "TRVANLIVÉ",
        "SLADKOSTI"
      ],
      "prices": [
        {
          "store_name": "Albert",
          "price": 56.9,
          "original_price": null,
          "unit_price": 323.3,
          "unit": "Kg",
          "package_size": "176 g",
          "condition": null
        }
      ],
      "description": null
    },
    {
      "name": "Plantation Grande Reserve Barbados 40%",
      "brand": "Plantation",
      "product_url": "https://wolt.com/cs/cze/prague/venue/albert-vinohradska/plantation-grande-reserve-barbados-40-itemid-657233256818b938df948608",
      "image_url": "https://imageproxy.wolt.com/menu/menu-images/64ffec4406cca0140dfab831/476307d0-8ec7-11ee-8cf7-2254ad732fe4_27649756.jpg",
      "categories": [
        "NÁPOJE",
        "LIHOVINY"
      ],
      "prices": [
        {
          "store_name": "Albert",
          "price": 699.0,
          "original_price": null,
          "unit_price": 998.57,
          "unit": "l",
          "package_size": "700 ml, 40% alc",
          "condition": "18+"
        }
      ],
      "description": null
    },
    {
      "name": "Knorr Bohatý bujón zeleninový",
      "brand": "Knorr",
      "product_url": "https://wolt.com/cs/cze/prague/venue/albert-vinohradska/knorr-bohaty-bujon-zeleninovy-itemid-657233256818b938df947a60",
      "image_url": "https://imageproxy.wolt.com/menu/menu-images/64ffec4406cca0140dfab831/2d5952a8-8eb4-11ee-a974-2e3db4b64128_25257144.jpg",
      "categories": [
        "TRVANLIVÉ",
        "KOŘENÍ A OCHUCOVADLA"
      ],
      "prices": [
        {
          "store_name": "Albert",
          "price": 57.9,
          "original_price": null,
          "unit_price": 516.96,
          "unit": "Kg",
          "package_size": "112 g",
          "condition": null
        }
      ],
      "description": null
    },
    {
      "name": "Kubík Svačinka rýže a skořice",
      "brand": "Kubík",
      "product_url": "https://wolt.com/cs/cze/prague/venue/albert-vinohradska/kubik-svacinka-ryze-a-skorice-itemid-657233256818b938df947c45",
      "image_url": "https://imageproxy.wolt.com/menu/menu-images/64ffec4406cca0140dfab831/08466506-8ec7-11ee-8763-2e546726778e_27639566.jpg",
      "categories": [
        "DÍTĚ",
        "VÝŽIVA"
      ],
      "prices": [
        {
          "store_name": "Albert",
          "price": 12.9,
          "original_price": null,
          "unit_price": 129.0,
          "unit": "Kg",
          "package_size": "100 g",
          "condition": null
        }
      ],
      "description": null
    },
    {
      "name": "Dr. Oetker Puding příchuť Vanilka",
      "brand": "Dr. Oetker",
      "product_url": "https://wolt.com/cs/cze/prague/venue/albert-vinohradska/dr-oetker-puding-prichut-vanilka-itemid-64ca0b7cba162577de4890aa",
      "image_url": "https://imageproxy.wolt.com/menu/menu-images/63ad795db242366d1f818f36/e5c4d546-a8e9-11f0-947f-0642014fd71d_20304270.jpg",
      "categories": [
        "TRVANLIVÉ",
        "PEČENÍ A VAŘENÍ"
      ],
      "prices": [
        {
          "store_name": "Albert",
          "price": 11.9,
          "original_price": null,
          "unit_price": 313.16,
          "unit": "Kg",
          "package_size": "38 g",
          "condition": null
        }
      ],
      "description": null
    },
    {
      "name": "Albert Tvaroh odtučněný",
      "brand": "Albert",
      "product_url": "https://wolt.com/cs/cze/prague/venue/albert-vinohradska/albert-tvaroh-odtucneny-itemid-64ca0b7cba162577de488647",
      "image_url": "https://imageproxy.wolt.com/menu/menu-images/64ffec4406cca0140dfab831/9a97d0d0-8eb2-11ee-93c0-0208801a60c2_24840552.jpg",
      "categories": [
        "MLÉČNÉ A CHLAZENÉ",
        "TVAROHY"
      ],
      "prices": [
        {
          "store_name": "Albert",
          "price": 20.9,
          "original_price": null,
          "unit_price": 83.6,
          "unit": "Kg",
          "package_size": "250 g",
          "condition": null
        }
      ],
      "description": null
    },
    {
      "name": "Softé Tekuté mýdlo oliva",
      "brand": "Softé",
      "product_url": "https://wolt.com/cs/cze/prague/venue/albert-vinohradska/softe-tekute-mydlo-oliva-itemid-64ca0b7cba162577de4899a3",
      "image_url": "https://imageproxy.wolt.com/menu/menu-images/64ffec4406cca0140dfab831/cfaf7ea0-8ec4-11ee-8db2-ce752cd7e428_27496077.jpg",
      "categories": [
        "DROGERIE A KOSMETIKA",
        "MÝDLA A GELY"
      ],
      "prices": [
        {
          "store_name": "Albert",
          "price": 26.9,
          "original_price": null,
          "unit_price": 53.8,
          "unit": "l",
          "package_size": "500 ml",
          "condition": null
        }
      ],
      "description": null
    },
    {
      "name": "Birell Malina a limetka",
      "brand": "Birell",
      "product_url": "https://wolt.com/cs/cze/prague/venue/albert-vinohradska/birell-malina-a-limetka-itemid-64ca0b7cba162577de488451",
      "image_url": "https://imageproxy.wolt.com/menu/menu-images/63ad795db242366d1f818f36/3ed80c7c-0b7d-11ef-98e9-ea2b31df3522_25536591.jpg",
      "categories": [
        "NÁPOJE",
        "PIVA"
      ],
      "prices": [
        {
          "store_name": "Albert",
          "price": 24.9,
          "original_price": null,
          "unit_price": 49.8,
          "unit": "l",
          "package_size": "500 ml",
          "condition": null
        }
      ],
      "description": null
    },
    {
      "name": "Nomina Pohanková kaše bezlepková",
      "brand": "Nomina",
      "product_url": "https://wolt.com/cs/cze/prague/venue/albert-vinohradska/nomina-pohankova-kase-bezlepkova-itemid-64ca0b7cba162577de4888d5",
      "image_url": "https://imageproxy.wolt.com/menu/menu-images/64ffec4406cca0140dfab831/71c6ca52-8eb8-11ee-9724-2e13ed999a8b_26099965.jpg",
      "categories": [
        "TRVANLIVÉ",
        "MÜSLI A CEREÁLIE"
      ],
      "prices": [
        {
          "store_name": "Albert",
          "price": null,
          "original_price": null,
          "unit_price": 153.0,
          "unit": "Kg",
          "package_size": "300 g",
          "condition": "Sleva"
        }
      ],
      "description": null
    },
    {
      "name": "Garnier Invisible Antiperspirant sprej",
      "brand": "Garnier",
      "product_url": "https://wolt.com/cs/cze/prague/venue/albert-vinohradska/garnier-invisible-antiperspirant-sprej-itemid-64ca0b7cba162577de488e73",
      "image_url": "https://imageproxy.wolt.com/menu/menu-images/64ffec4406cca0140dfab831/a9fed20a-8eb5-11ee-8835-662d260bbeaa_25605860.jpg",
      "categories": [
        "DROGERIE A KOSMETIKA",
        "DEODORANTY"
      ],
      "prices": [
        {
          "store_name": "Albert",
          "price": 79.9,
          "original_price": null,
          "unit_price": 532.67,
          "unit": "l",
          "package_size": "150 ml",
          "condition": null
        }
      ],
      "description": null
    },
    {
      "name": "Kinder Chocolate čokoláda s mléčnou náplní",
      "brand": "Kinder",
      "product_url": "https://wolt.com/cs/cze/prague/venue/albert-vinohradska/kinder-chocolate-cokolada-s-mlecnou-naplni-itemid-64ca0b7cba162577de489de6",
      "image_url": "https://imageproxy.wolt.com/menu/menu-images/63ad795db242366d1f818f36/a6fe4cf2-f8ef-11ef-bdd9-aea9782214db_20301682.jpg",
      "categories": [
        "TRVANLIVÉ",
        "SLADKOSTI"
      ],
      "prices": [
        {
          "store_name": "Albert",
          "price": null,
          "original_price": null,
          "unit_price": 438.0,
          "unit": "Kg",
          "package_size": "50 g",
          "condition": "Sleva"
        }
      ],
      "description": null
    },
    {
      "name": "Fabio Frito olej premium",
      "brand": "Fabio",
      "product_url": "https://wolt.com/cs/cze/prague/venue/albert-vinohradska/fabio-frito-olej-premium-itemid-64ca0b7cba162577de48900e",
      "image_url": "https://imageproxy.wolt.com/menu/menu-images/64ffec4406cca0140dfab831/814a6e4a-8ec0-11ee-aac3-6aec994b6205_27182055.jpg",
      "categories": [
        "TRVANLIVÉ",
        "OLEJE A OCTY"
      ],
      "prices": [
        {
          "store_name": "Albert",
          "price": 84.9,
          "original_price": null,
          "unit_price": 84.9,
          "unit": "l",
          "package_size": "1 l",
          "condition": null
        }
      ],
      "description": null
    },
    {
      "name": "Carla Cukrářská poleva tmavá",
      "brand": "Carla",
      "product_url": "https://wolt.com/cs/cze/prague/venue/albert-vinohradska/carla-cukrarska-poleva-tmava-itemid-6601e9f9a2919902e2378d55",
      "image_url": "https://imageproxy.wolt.com/menu/menu-images/6601c613e48d1c8d95333085/27a4e0ea-eae2-11ee-852e-9e6b6bb9a299_21251917.jpg",
      "categories": [
        "TRVANLIVÉ",
        "PEČENÍ A VAŘENÍ"
      ],
      "prices": [
        {
          "store_name": "Albert",
          "price": 29.9,
          "original_price": null,
          "unit_price": 299.0,
          "unit": "Kg",
          "package_size": "100 g",
          "condition": null
        }
      ],
      "description": null
    },
    {
      "name": "Body&Future Nápoj kokosový nesycený",
      "brand": "Body&Future",
      "product_url": "https://wolt.com/cs/cze/prague/venue/albert-vinohradska/body-future-napoj-kokosovy-nesyceny-itemid-64ca0b7cba162577de489372",
      "image_url": "https://imageproxy.wolt.com/menu/menu-images/64ffec4406cca0140dfab831/bfdbaaea-8ebe-11ee-bed2-a28724a7b713_27053713.jpg",
      "categories": [
        "MLÉČNÉ A CHLAZENÉ",
        "ROSTLINNÉ PRODUKTY"
      ],
      "prices": [
        {
          "store_name": "Albert",
          "price": null,
          "original_price": null,
          "unit_price": 69.2,
          "unit": "l",
          "package_size": "750 ml",
          "condition": "Sleva"
        }
      ],
      "description": null
    },
    {
      "name": "L'chefs Čokoládový dort s malinami",
      "brand": "L'chefs",
      "product_url": "https://wolt.com/cs/cze/prague/venue/albert-vinohradska/l-chefs-cokoladovy-dort-s-malinami-itemid-657233256818b938df9487e9",
      "image_url": "https://imageproxy.wolt.com/menu/menu-images/63ad795db242366d1f818f36/c6b58f36-3213-11ef-b199-7280894b8017_27830307.jpg",
      "categories": [
        "PEKÁRNA A CUKRÁRNA",
        "SLADKÉ PEČIVO BALENÉ"
      ],
      "prices": [
        {
          "store_name": "Albert",
          "price": 379.9,
          "original_price": null,
          "unit_price": 633.17,
          "unit": "Kg",
          "package_size": "600 g",
          "condition": "Vyprodáno"
        }
      ],
      "description": null
    },
    {
      "name": "Albert Tavený sýr nízkotučný",
      "brand": "Albert",
      "product_url": "https://wolt.com/cs/cze/prague/venue/albert-vinohradska/albert-taveny-syr-nizkotucny-itemid-64ca0b7cba162577de4891db",
      "image_url": "https://imageproxy.wolt.com/menu/menu-images/64ffec4406cca0140dfab831/308ab310-8eb2-11ee-948b-325d7328b531_24679534.jpg",
      "categories": [
        "MLÉČNÉ A CHLAZENÉ",
        "SÝRY"
      ],
      "prices": [
        {
          "store_name": "Albert",
          "price": 26.9,
          "original_price": null,
          "unit_price": 192.14,
          "unit": "Kg",
          "package_size": "140 g",
          "condition": null
        }
      ],
      "description": null
    },
    {
      "name": "Efko Kořeněné okurky",
      "brand": "Efko",
      "product_url": "https://wolt.com/cs/cze/prague/venue/albert-vinohradska/efko-korenene-okurky-itemid-64ca0b7cba162577de489611",
      "image_url": "https://imageproxy.wolt.com/menu/menu-images/63ad795db242366d1f818f36/bfa1988e-ed43-11ef-99a8-0e881b6e3ccd_23268616.jpg",
      "categories": [
        "TRVANLIVÉ",
        "KONZERVOVANÉ POTR."
      ],
      "prices": [
        {
          "store_name": "Albert",
          "price": 87.9,
          "original_price": null,
          "unit_price": 237.57,
          "unit": "Kg",
          "package_size": "370 g",
          "condition": null
        }
      ],
      "description": null
    },
    {
      "name": "Bonavita Dobrá vláknina",
      "brand": "Bonavita",
      "product_url": "https://wolt.com/cs/cze/prague/venue/albert-vinohradska/bonavita-dobra-vlaknina-itemid-64ca0b7cba162577de4894a8",
      "image_url": "https://imageproxy.wolt.com/menu/menu-images/64ffec4406cca0140dfab831/1745e696-8eb1-11ee-bdac-fe2992cf6bd0_24200769.jpg",
      "categories": [
        "TRVANLIVÉ",
        "MÜSLI A CEREÁLIE"
      ],
      "prices": [
        {
          "store_name": "Albert",
          "price": null,
          "original_price": null,
          "unit_price": 186.4,
          "unit": "Kg",
          "package_size": "375 g",
          "condition": "Sleva"
        }
      ],
      "description": null
    },
    {
      "name": "Bonduelle Gold Zlatá kukuřice",
      "brand": "Bonduelle",
      "product_url": "https://wolt.com/cs/cze/prague/venue/albert-vinohradska/bonduelle-gold-zlata-kukurice-itemid-64ca0b7cba162577de4883bd",
      "image_url": "https://imageproxy.wolt.com/menu/menu-images/63ad795db242366d1f818f36/c548b520-7825-11f0-94e1-f2fa7a2cce89_20305840.jpg",
      "categories": [
        "TRVANLIVÉ",
        "KONZERVOVANÉ POTR."
      ],
      "prices": [
        {
          "store_name": "Albert",
          "price": 34.9,
          "original_price": null,
          "unit_price": 122.46,
          "unit": "Kg",
          "package_size": "285 g",
          "condition": null
        }
      ],
      "description": null
    },
    {
      "name": "Nature's Promise Skyr natural",
      "brand": "Nature's Promise",
      "product_url": "https://wolt.com/cs/cze/prague/venue/albert-vinohradska/nature-s-promise-skyr-natural-itemid-64ca0b7cba162577de488489",
      "image_url": "https://imageproxy.wolt.com/menu/menu-images/64ffec4406cca0140dfab831/d7179f0e-8ec1-11ee-9147-261fd742ff1a_27264195.jpg",
      "categories": [
        "MLÉČNÉ A CHLAZENÉ",
        "JOGURTY A DEZERTY"
      ],
      "prices": [
        {
          "store_name": "Albert",
          "price": 16.9,
          "original_price": null,
          "unit_price": 130.0,
          "unit": "l",
          "package_size": "130 ml",
          "condition": "Vyprodáno"
        }
      ],
      "description": null
    },
    {
      "name": "Olma Míša tvarohový mls čokoládový",
      "brand": "Olma",
      "product_url": "https://wolt.com/cs/cze/prague/venue/albert-vinohradska/olma-misa-tvarohovy-mls-cokoladovy-itemid-64ca0b7cba162577de488577",
      "image_url": "https://imageproxy.wolt.com/menu/menu-images/64ffec4406cca0140dfab831/f6cf64a6-8ec3-11ee-bdb7-86f1953ceff6_27434321.jpg",
      "categories": [
        "MLÉČNÉ A CHLAZENÉ",
        "JOGURTY A DEZERTY"
      ],
      "prices": [
        {
          "store_name": "Albert",
          "price": 16.9,
          "original_price": null,
          "unit_price": 130.0,
          "unit": "Kg",
          "package_size": "130 g",
          "condition": null
        }
      ],
      "description": null
    },
    {
      "name": "Vitana Pyramidky na vývar",
      "brand": "Vitana",
      "product_url": "https://wolt.com/cs/cze/prague/venue/albert-vinohradska/vitana-pyramidky-na-vyvar-itemid-64ca0b7cba162577de4891d0",
      "image_url": "https://imageproxy.wolt.com/menu/menu-images/64ffec4406cca0140dfab831/83d774b0-8eb5-11ee-b90f-aa70cbf91f77_25574746.jpg",
      "categories": [
        "TRVANLIVÉ",
        "KOŘENÍ A OCHUCOVADLA"
      ],
      "prices": [
        {
          "store_name": "Albert",
          "price": 27.9,
          "original_price": null,
          "unit_price": 1395.0,
          "unit": "Kg",
          "package_size": "20 g",
          "condition": null
        }
      ],
      "description": null
    },
    {
      "name": "4SLIM 100% Džem meruňkový",
      "brand": "4SLIM",
      "product_url": "https://wolt.com/cs/cze/prague/venue/albert-vinohradska/4slim-100-dzem-merunkovy-itemid-681b5abffcbd67bf7a8f4a92",
      "image_url": "https://imageproxy.wolt.com/menu/menu-images/63ad795db242366d1f818f36/bec4b864-2b47-11f0-ac96-8ac8cf714c1b_27967690.jpg",
      "categories": [
        "TRVANLIVÉ",
        "KONZERVOVANÉ POTR."
      ],
      "prices": [
        {
          "store_name": "Albert",
          "price": null,
          "original_price": null,
          "unit_price": 285.36,
          "unit": "Kg",
          "package_size": "280 g",
          "condition": "Sleva"
        }
      ],
      "description": null
    },
    {
      "name": "Aviko Cibulové kroužky",
      "brand": "Aviko",
      "product_url": "https://wolt.com/cs/cze/prague/venue/albert-vinohradska/aviko-cibulove-krouzky-itemid-6876153a0c6218e9f3e5f44e",
      "image_url": "https://imageproxy.wolt.com/menu/menu-images/64b62ec5e5ab70cdc92e30f0/0bf29810-616f-11f0-84ca-f6c745df87a7_27323359.jpg",
      "categories": [
        "MRAŽENÉ POTRAVINY",
        "HRANOLKY"
      ],
      "prices": [
        {
          "store_name": "Albert",
          "price": 54.9,
          "original_price": null,
          "unit_price": 122.0,
          "unit": "Kg",
          "package_size": "450 g",
          "condition": null
        }
      ],
      "description": null
    },
    {
      "name": "Shanshi Japan Teriyaki omáčka se sezamem",
      "brand": "Shanshi",
      "product_url": "https://wolt.com/cs/cze/prague/venue/albert-vinohradska/shanshi-japan-teriyaki-omacka-se-sezamem-itemid-64ca0b7cba162577de489cd7",
      "image_url": "https://imageproxy.wolt.com/menu/menu-images/64ffec4406cca0140dfab831/b8e64bce-8eb3-11ee-ab7c-3a1814765055_25114096.jpg",
      "categories": [
        "TRVANLIVÉ",
        "MEZINÁRODNÍ KUCHYNĚ"
      ],
      "prices": [
        {
          "store_name": "Albert",
          "price": 59.9,
          "original_price": null,
          "unit_price": 499.17,
          "unit": "Kg",
          "package_size": "120 g",
          "condition": null
        }
      ],
      "description": null
    },
    {
      "name": "Orion Čokoláda mléčná",
      "brand": "Orion",
      "product_url": "https://wolt.com/cs/cze/prague/venue/albert-vinohradska/orion-cokolada-mlecna-itemid-64ca0b7cba162577de489d75",
      "image_url": "https://imageproxy.wolt.com/menu/menu-images/64ffec4406cca0140dfab831/50f94644-8eac-11ee-9c31-f2a93e51b7a9_20301279.jpg",
      "categories": [
        "TRVANLIVÉ",
        "SLADKOSTI"
      ],
      "prices": [
        {
          "store_name": "Albert",
          "price": 39.9,
          "original_price": null,
          "unit_price": 469.41,
          "unit": "Kg",
          "package_size": "85 g",
          "condition": null
        }
      ],
      "description": null
    },
    {
      "name": "nimm2 Soft Ovocné bonbóny",
      "brand": null,
      "product_url": "https://wolt.com/cs/cze/prague/venue/albert-vinohradska/nimm2-soft-ovocne-bonbony-itemid-6601f9f39d152df703bfed46",
      "image_url": "https://imageproxy.wolt.com/menu/menu-images/63ad795db242366d1f818f36/73926776-25b4-11f0-9bc4-e2259a432f0e_25031607.jpg",
      "categories": [
        "TRVANLIVÉ",
        "SLADKOSTI"
      ],
      "prices": [
        {
          "store_name": "Albert",
          "price": 28.9,
          "original_price": null,
          "unit_price": 321.11,
          "unit": "Kg",
          "package_size": "90 g",
          "condition": null
        }
      ],
      "description": null
    },
    {
      "name": "Old Spice Whitewater Sprchový gel",
      "brand": "Old",
      "product_url": "https://wolt.com/cs/cze/prague/venue/albert-vinohradska/old-spice-whitewater-sprchovy-gel-itemid-6601f02c9c699670bed07e2a",
      "image_url": "https://imageproxy.wolt.com/menu/menu-images/63ad795db242366d1f818f36/7ac52310-4e4d-11ef-b21f-062137344515_27631843.jpg",
      "categories": [
        "DROGERIE A KOSMETIKA",
        "MÝDLA A GELY"
      ],
      "prices": [
        {
          "store_name": "Albert",
          "price": 189.0,
          "original_price": null,
          "unit_price": 280.0,
          "unit": "l",
          "package_size": "675 ml",
          "condition": "Vyprodáno"
        }
      ],
      "description": null
    },
    {
      "name": "Aviril Dětský krém na opruzeniny",
      "brand": "Aviril",
      "product_url": "https://wolt.com/cs/cze/prague/venue/albert-vinohradska/aviril-detsky-krem-na-opruzeniny-itemid-64ca0b7cba162577de489fc3",
      "image_url": "https://imageproxy.wolt.com/menu/menu-images/64ffec4406cca0140dfab831/cae2b8aa-8eb6-11ee-8d23-22a8008f3216_25840544.jpg",
      "categories": [
        "DÍTĚ",
        "DĚTSKÁ KOSMETIKA"
      ],
      "prices": [
        {
          "store_name": "Albert",
          "price": 49.9,
          "original_price": null,
          "unit_price": 998.0,
          "unit": "l",
          "package_size": "50 ml",
          "condition": null
        }
      ],
      "description": null
    },
    {
      "name": "Jameson Irish Whiskey 40%",
      "brand": "Jameson",
      "product_url": "https://wolt.com/cs/cze/prague/venue/albert-vinohradska/jameson-irish-whiskey-40-itemid-657233256818b938df948589",
      "image_url": "https://imageproxy.wolt.com/menu/menu-images/64ffec4406cca0140dfab831/d84f4dcc-8ead-11ee-91e4-fe16b6783abc_21366413.jpg",
      "categories": [
        "NÁPOJE",
        "LIHOVINY"
      ],
      "prices": [
        {
          "store_name": "Albert",
          "price": 399.0,
          "original_price": null,
          "unit_price": 570.0,
          "unit": "l",
          "package_size": "700 ml, 40% alc",
          "condition": "18+"
        }
      ],
      "description": null
    },
    {
      "name": "Nature's Promise Bio Čaj heřmánkový",
      "brand": "Nature's Promise",
      "product_url": "https://wolt.com/cs/cze/prague/venue/albert-vinohradska/nature-s-promise-bio-caj-hermankovy-itemid-64ca0b7cba162577de489068",
      "image_url": "https://imageproxy.wolt.com/menu/menu-images/63ad795db242366d1f818f36/423a39b2-d671-11ee-a348-7ade7dbb20ed_27313831.jpg",
      "categories": [
        "NÁPOJE",
        "KÁVA A ČAJ"
      ],
      "prices": [
        {
          "store_name": "Albert",
          "price": null,
          "original_price": null,
          "unit_price": 1067.86,
          "unit": "Kg",
          "package_size": "28 g",
          "condition": "Sleva"
        }
      ],
      "description": null
    },
    {
      "name": "World's market Rýže basmati",
      "brand": "World's Market",
      "product_url": "https://wolt.com/cs/cze/prague/venue/albert-vinohradska/world-s-market-ryze-basmati-itemid-681b5abffcbd67bf7a8f49f3",
      "image_url": "https://imageproxy.wolt.com/menu/menu-images/63ad795db242366d1f818f36/83898310-2b47-11f0-b1ae-92f6f70ac2f8_27915387.jpg",
      "categories": [
        "TRVANLIVÉ",
        "RÝŽE A LUŠTENINY"
      ],
      "prices": [
        {
          "store_name": "Albert",
          "price": 69.9,
          "original_price": null,
          "unit_price": 69.9,
          "unit": "Kg",
          "package_size": "1 kg",
          "condition": null
        }
      ],
      "description": null
    },
    {
      "name": "Ariel Sensitive Skin prací gel",
      "brand": "Ariel",
      "product_url": "https://wolt.com/cs/cze/prague/venue/albert-vinohradska/ariel-sensitive-skin-praci-gel-itemid-64ca0b7cba162577de48a3ab",
      "image_url": "https://imageproxy.wolt.com/menu/menu-images/63ad795db242366d1f818f36/a930a0fa-be3e-11f0-bc00-f62c6fdba826_27413036.jpg",
      "categories": [
        "DROGERIE A KOSMETIKA",
        "PRACÍ PROSTŘEDKY"
      ],
      "prices": [
        {
          "store_name": "Albert",
          "price": 349.0,
          "original_price": null,
          "unit_price": 6.98,
          "unit": "ks",
          "package_size": "‪50‬ kusů",
          "condition": null
        }
      ],
      "description": null
    },
    {
      "name": "Máslo z kozího mléka solené",
      "brand": "Máslo",
      "product_url": "https://wolt.com/cs/cze/prague/venue/albert-vinohradska/maslo-z-koziho-mleka-solene-itemid-64ca0b7cba162577de489267",
      "image_url": "https://imageproxy.wolt.com/menu/menu-images/64ffec4406cca0140dfab831/ef8eeb02-8eb0-11ee-bf40-f6f59196df47_24143448.jpg",
      "categories": [
        "MLÉČNÉ A CHLAZENÉ",
        "MÁSLO A TUKY"
      ],
      "prices": [
        {
          "store_name": "Albert",
          "price": 65.9,
          "original_price": null,
          "unit_price": 527.2,
          "unit": "Kg",
          "package_size": "125 g",
          "condition": null
        }
      ],
      "description": null
    },
    {
      "name": "Pepino Lubrikační gel 2v1",
      "brand": "Pepino",
      "product_url": "https://wolt.com/cs/cze/prague/venue/albert-vinohradska/pepino-lubrikacni-gel-2v1-itemid-64ca0b7cba162577de488f2b",
      "image_url": "https://imageproxy.wolt.com/menu/menu-images/63ad795db242366d1f818f36/58048550-bbe4-11ef-bb4f-4a00e9edd6fe_26647050.jpg",
      "categories": [
        "DROGERIE A KOSMETIKA",
        "PRO INTIMNÍ CHVÍLE"
      ],
      "prices": [
        {
          "store_name": "Albert",
          "price": 199.0,
          "original_price": null,
          "unit_price": 1326.67,
          "unit": "l",
          "package_size": "150 ml",
          "condition": "Vyprodáno"
        }
      ],
      "description": null
    },
    {
      "name": "Vitakraft Vita Garden Slunečnice černá",
      "brand": "Vitakraft",
      "product_url": "https://wolt.com/cs/cze/prague/venue/albert-vinohradska/vitakraft-vita-garden-slunecnice-cerna-itemid-64ca0b7cba162577de48a0c3",
      "image_url": "https://imageproxy.wolt.com/menu/menu-images/64ffec4406cca0140dfab831/e1c3c664-8ebf-11ee-89c0-06cf0d3d89bd_27137598.jpg",
      "categories": [
        "DOMÁCNOST A ZAHRADA",
        "PTACTVO"
      ],
      "prices": [
        {
          "store_name": "Albert",
          "price": 109.9,
          "original_price": null,
          "unit_price": 109.9,
          "unit": "Kg",
          "package_size": "1 kg",
          "condition": null
        }
      ],
      "description": null
    },
    {
      "name": "Pearl River Bridge Mořská řasa Nori",
      "brand": "Pearl River Bridge",
      "product_url": "https://wolt.com/cs/cze/prague/venue/albert-vinohradska/pearl-river-bridge-morska-rasa-nori-itemid-64ca0b7cba162577de48a04c",
      "image_url": "https://imageproxy.wolt.com/menu/menu-images/64ffec4406cca0140dfab831/0f6fc57e-8ebe-11ee-a639-5eb9bb96d91f_26987781.jpg",
      "categories": [
        "TRVANLIVÉ",
        "MEZINÁRODNÍ KUCHYNĚ"
      ],
      "prices": [
        {
          "store_name": "Albert",
          "price": 116.9,
          "original_price": null,
          "unit_price": 4175.0,
          "unit": "Kg",
          "package_size": "28 g",
          "condition": null
        }
      ],
      "description": null
    },
    {
      "name": "Nature's Promise Pomazánka z fazolí",
      "brand": "Nature's Promise",
      "product_url": "https://wolt.com/cs/cze/prague/venue/albert-vinohradska/nature-s-promise-pomazanka-z-fazoli-itemid-64ca0b7cba162577de488d6d",
      "image_url": "https://imageproxy.wolt.com/menu/menu-images/64ffec4406cca0140dfab831/e81a993a-8ebe-11ee-ab56-4a6028ff4aea_27079829.jpg",
      "categories": [
        "UZENINY A LAHŮDKY",
        "SALÁTY A POMAZÁNKY"
      ],
      "prices": [
        {
          "store_name": "Albert",
          "price": 24.9,
          "original_price": null,
          "unit_price": 249.0,
          "unit": "Kg",
          "package_size": "100 g",
          "condition": null
        }
      ],
      "description": null
    },
    {
      "name": "Kuřecí prsní šunka standardní krájená",
      "brand": null,
      "product_url": "https://wolt.com/cs/cze/prague/venue/albert-vinohradska/kureci-prsni-sunka-standardni-krajena-itemid-64ca0b7cba162577de489014",
      "image_url": "https://imageproxy.wolt.com/menu/menu-images/64ffec4406cca0140dfab831/e9830b12-833e-11ee-8109-4208f31bc04c_25961812.jpg",
      "categories": [
        "UZENINY A LAHŮDKY",
        "ŠUNKY A SLANINY"
      ],
      "prices": [
        {
          "store_name": "Albert",
          "price": 25.9,
          "original_price": null,
          "unit_price": 259.0,
          "unit": "Kg",
          "package_size": "100 g",
          "condition": null
        }
      ],
      "description": null
    },
    {
      "name": "Emma Mandle blanšírované",
      "brand": "Emma",
      "product_url": "https://wolt.com/cs/cze/prague/venue/albert-vinohradska/emma-mandle-blansirovane-itemid-64ca0b7cba162577de4897c8",
      "image_url": "https://imageproxy.wolt.com/menu/menu-images/63ad795db242366d1f818f36/92b1bee8-bbe4-11ef-a58b-d6eb47ff585d_24007160.jpg",
      "categories": [
        "OVOCE A ZELENINA",
        "SUCHÉ PLODY"
      ],
      "prices": [
        {
          "store_name": "Albert",
          "price": 36.9,
          "original_price": null,
          "unit_price": 461.25,
          "unit": "Kg",
          "package_size": "80 g",
          "condition": null
        }
      ],
      "description": null
    },
    {
      "name": "Mlékárna Kunín Smetana na vaření 12%",
      "brand": "Mlékárna Kunín",
      "product_url": "https://wolt.com/cs/cze/prague/venue/albert-vinohradska/mlekarna-kunin-smetana-na-vareni-12-itemid-64ca0b7cba162577de489b37",
      "image_url": "https://imageproxy.wolt.com/menu/menu-images/63ad795db242366d1f818f36/8e1bea60-d995-11ef-8421-06b7fb118bc1_25281422.jpg",
      "categories": [
        "MLÉČNÉ A CHLAZENÉ",
        "SMETANY A ŠLEHAČKY"
      ],
      "prices": [
        {
          "store_name": "Albert",
          "price": 51.9,
          "original_price": null,
          "unit_price": 138.4,
          "unit": "Kg",
          "package_size": "375 g",
          "condition": null
        }
      ],
      "description": null
    },
    {
      "name": "Paul Mas Merlot",
      "brand": "Paul",
      "product_url": "https://wolt.com/cs/cze/prague/venue/albert-vinohradska/paul-mas-merlot-itemid-64ca0b7cba162577de48a0f3",
      "image_url": "https://imageproxy.wolt.com/menu/menu-images/63ad795db242366d1f818f36/2cf56aba-7826-11f0-8a4c-c6f993539c07_25922943.jpg",
      "categories": [
        "NÁPOJE",
        "VÍNA"
      ],
      "prices": [
        {
          "store_name": "Albert",
          "price": 119.9,
          "original_price": null,
          "unit_price": 159.87,
          "unit": "l",
          "package_size": "750 ml, 13,5% alc",
          "condition": "18+"
        }
      ],
      "description": null
    },
    {
      "name": "Nature's Promise Bio Dýňový olej",
      "brand": "Nature's Promise",
      "product_url": "https://wolt.com/cs/cze/prague/venue/albert-vinohradska/nature-s-promise-bio-dynovy-olej-itemid-64ca0b7cba162577de489b55",
      "image_url": "https://imageproxy.wolt.com/menu/menu-images/63ad795db242366d1f818f36/1f161cc2-ed44-11ef-b0df-ca468d0b1e18_27187289.jpg",
      "categories": [
        "TRVANLIVÉ",
        "OLEJE A OCTY"
      ],
      "prices": [
        {
          "store_name": "Albert",
          "price": null,
          "original_price": null,
          "unit_price": 636.0,
          "unit": "l",
          "package_size": "250 ml",
          "condition": "Sleva"
        }
      ],
      "description": null
    },
    {
      "name": "Opavia BeBe Dobré ráno kakaové s čokoládou",
      "brand": "Opavia",
      "product_url": "https://wolt.com/cs/cze/prague/venue/albert-vinohradska/opavia-bebe-dobre-rano-kakaove-s-cokoladou-itemid-64ca0b7cba162577de4887c3",
      "image_url": "https://imageproxy.wolt.com/menu/menu-images/63ad795db242366d1f818f36/b82d0dc2-ed43-11ef-b419-9e4250c13a7a_22026996.jpg",
      "categories": [
        "TRVANLIVÉ",
        "SLADKOSTI"
      ],
      "prices": [
        {
          "store_name": "Albert",
          "price": null,
          "original_price": null,
          "unit_price": 238.0,
          "unit": "Kg",
          "package_size": "50 g",
          "condition": "Sleva"
        }
      ],
      "description": null
    },
    {
      "name": "Caprio jablko, malina a arónie",
      "brand": "Caprio",
      "product_url": "https://wolt.com/cs/cze/prague/venue/albert-vinohradska/caprio-jablko-malina-a-aronie-itemid-657233256818b938df948bb1",
      "image_url": "https://imageproxy.wolt.com/menu/menu-images/64ffec4406cca0140dfab831/a7235ca0-8eaf-11ee-b427-fe16b6783abc_23447172.jpg",
      "categories": [
        "NÁPOJE",
        "LIMONÁDY"
      ],
      "prices": [
        {
          "store_name": "Albert",
          "price": 49.9,
          "original_price": null,
          "unit_price": 24.95,
          "unit": "l",
          "package_size": "2 l",
          "condition": null
        }
      ],
      "description": null
    },
    {
      "name": "Albert Korbáčik uzený",
      "brand": "Albert",
      "product_url": "https://wolt.com/cs/cze/prague/venue/albert-vinohradska/albert-korbacik-uzeny-itemid-64ca0b7cba162577de48809d",
      "image_url": "https://imageproxy.wolt.com/menu/menu-images/63ad795db242366d1f818f36/417318d4-0608-11ef-b4d9-4644db3ec22e_24683029.jpg",
      "categories": [
        "MLÉČNÉ A CHLAZENÉ",
        "SÝRY"
      ],
      "prices": [
        {
          "store_name": "Albert",
          "price": 25.9,
          "original_price": null,
          "unit_price": 518.0,
          "unit": "Kg",
          "package_size": "50 g",
          "condition": null
        }
      ],
      "description": null
    },
    {
      "name": "Mlékárna Kunín Zakysaná smetana 15%",
      "brand": "Mlékárna Kunín",
      "product_url": "https://wolt.com/cs/cze/prague/venue/albert-vinohradska/mlekarna-kunin-zakysana-smetana-15-itemid-64ca0b7cba162577de488fcb",
      "image_url": "https://imageproxy.wolt.com/menu/menu-images/64ffec4406cca0140dfab831/bd14020a-8eb2-11ee-8b77-1e037cde04d4_24872898.jpg",
      "categories": [
        "MLÉČNÉ A CHLAZENÉ",
        "SMETANY A ŠLEHAČKY"
      ],
      "prices": [
        {
          "store_name": "Albert",
          "price": 27.9,
          "original_price": null,
          "unit_price": 146.84,
          "unit": "Kg",
          "package_size": "190 g",
          "condition": null
        }
      ],
      "description": null
    },
    {
      "name": "Jaroměřický tvaroh jemný na pečení",
      "brand": "Jaroměřický",
      "product_url": "https://wolt.com/cs/cze/prague/venue/albert-vinohradska/jaromericky-tvaroh-jemny-na-peceni-itemid-64ca0b7cba162577de4891d4",
      "image_url": "https://imageproxy.wolt.com/menu/menu-images/64ffec4406cca0140dfab831/a761c45c-8eb1-11ee-abbc-f6f59196df47_24455046.jpg",
      "categories": [
        "MLÉČNÉ A CHLAZENÉ",
        "TVAROHY"
      ],
      "prices": [
        {
          "store_name": "Albert",
          "price": 41.9,
          "original_price": null,
          "unit_price": 167.6,
          "unit": "Kg",
          "package_size": "250 g",
          "condition": null
        }
      ],
      "description": null
    },
    {
      "name": "Schweppes Indian tonic",
      "brand": "Schweppes",
      "product_url": "https://wolt.com/cs/cze/prague/venue/albert-vinohradska/schweppes-indian-tonic-itemid-64ca0b7cba162577de48839b",
      "image_url": "https://imageproxy.wolt.com/menu/menu-images/64ffec4406cca0140dfab831/27c8981a-8eb6-11ee-85c5-2e13ed999a8b_25702491.jpg",
      "categories": [
        "NÁPOJE",
        "LIMONÁDY"
      ],
      "prices": [
        {
          "store_name": "Albert",
          "price": 39.9,
          "original_price": null,
          "unit_price": 26.6,
          "unit": "l",
          "package_size": "1,5 l",
          "condition": null
        }
      ],
      "description": null
    },
    {
      "name": "Maxi Vita Exclusive Vápník hořčík zinek forte",
      "brand": "Maxi",
      "product_url": "https://wolt.com/cs/cze/prague/venue/albert-vinohradska/maxi-vita-exclusive-vapnik-horcik-zinek-forte-itemid-6601e1453ad65f872f42ce3c",
      "image_url": "https://imageproxy.wolt.com/menu/menu-images/6601c613e48d1c8d95333085/49605722-eae3-11ee-9838-aae3aea8b537_26725765.jpg",
      "categories": [
        "DROGERIE A KOSMETIKA",
        "ZDRAVÍ"
      ],
      "prices": [
        {
          "store_name": "Albert",
          "price": null,
          "original_price": null,
          "unit_price": 1.33,
          "unit": "ks",
          "package_size": "‪60‬ kusů",
          "condition": "Sleva"
        }
      ],
      "description": null
    },
    {
      "name": "Choceňský Nuty",
      "brand": "Choceňský",
      "product_url": "https://wolt.com/cs/cze/prague/venue/albert-vinohradska/chocensky-nuty-itemid-657233256818b938df948676",
      "image_url": "https://imageproxy.wolt.com/menu/menu-images/64ffec4406cca0140dfab831/4f81a05c-8eb3-11ee-ba79-96ff514b0205_25002058.jpg",
      "categories": [
        "MLÉČNÉ A CHLAZENÉ",
        "MÁSLO A TUKY"
      ],
      "prices": [
        {
          "store_name": "Albert",
          "price": 43.9,
          "original_price": null,
          "unit_price": 292.67,
          "unit": "Kg",
          "package_size": "150 g",
          "condition": null
        }
      ],
      "description": null
    },
    {
      "name": "Zlatá cihla Čokoládové pralinky",
      "brand": "Zlatá",
      "product_url": "https://wolt.com/cs/cze/prague/venue/albert-vinohradska/zlata-cihla-cokoladove-pralinky-itemid-6602065b4d26d7aada310aa3",
      "image_url": "https://imageproxy.wolt.com/menu/menu-images/6601c613e48d1c8d95333085/c26c4810-eae3-11ee-bf4e-3a68d9936760_27222430.jpg",
      "categories": [
        "TRVANLIVÉ",
        "SLADKOSTI"
      ],
      "prices": [
        {
          "store_name": "Albert",
          "price": 189.0,
          "original_price": null,
          "unit_price": 945.0,
          "unit": "Kg",
          "package_size": "200 g",
          "condition": null
        }
      ],
      "description": null
    },
    {
      "name": "FuzeTea Peach Hibiscus černý ledový čaj",
      "brand": "FuzeTea",
      "product_url": "https://wolt.com/cs/cze/prague/venue/albert-vinohradska/fuzetea-peach-hibiscus-cerny-ledovy-caj-itemid-64ca0b7cba162577de48a13d",
      "image_url": "https://imageproxy.wolt.com/menu/menu-images/63ad795db242366d1f818f36/eb279000-f8ef-11ef-9847-aa7458eea9b9_26915340.jpg",
      "categories": [
        "NÁPOJE",
        "LIMONÁDY"
      ],
      "prices": [
        {
          "store_name": "Albert",
          "price": 49.9,
          "original_price": null,
          "unit_price": 33.27,
          "unit": "l",
          "package_size": "1,5 l",
          "condition": null
        }
      ],
      "description": null
    },
    {
      "name": "Albert Kuřecí Kung Pao s rýží",
      "brand": "Albert",
      "product_url": "https://wolt.com/cs/cze/prague/venue/albert-vinohradska/albert-kureci-kung-pao-s-ryzi-itemid-681b5abffcbd67bf7a8f49d0",
      "image_url": "https://imageproxy.wolt.com/menu/menu-images/63ad795db242366d1f818f36/b843f5d6-2b47-11f0-bbe3-b252fe80aa64_27963838.jpg",
      "categories": [
        "UZENINY A LAHŮDKY",
        "HOTOVKY A PŘÍLOHY"
      ],
      "prices": [
        {
          "store_name": "Albert",
          "price": 99.9,
          "original_price": null,
          "unit_price": 249.75,
          "unit": "Kg",
          "package_size": "400 g",
          "condition": null
        }
      ],
      "description": null
    },
    {
      "name": "Gustona Špagety bezvaječné",
      "brand": "Gustona",
      "product_url": "https://wolt.com/cs/cze/prague/venue/albert-vinohradska/gustona-spagety-bezvajecne-itemid-64ca0b7cba162577de4880b3",
      "image_url": "https://imageproxy.wolt.com/menu/menu-images/63ad795db242366d1f818f36/12bf3480-d671-11ee-b2d4-eabede20cfb7_23320772.jpg",
      "categories": [
        "TRVANLIVÉ",
        "TĚSTOVINY A KUSKUS"
      ],
      "prices": [
        {
          "store_name": "Albert",
          "price": 12.9,
          "original_price": null,
          "unit_price": 32.25,
          "unit": "Kg",
          "package_size": "400 g",
          "condition": null
        }
      ],
      "description": null
    },
    {
      "name": "Party drink FC Barcelona",
      "brand": "Party",
      "product_url": "https://wolt.com/cs/cze/prague/venue/albert-vinohradska/party-drink-fc-barcelona-itemid-657233256818b938df948666",
      "image_url": "https://imageproxy.wolt.com/menu/menu-images/63ad795db242366d1f818f36/8b3ac962-2183-11ef-97a2-2e5846bfbdf8_26642857.jpg",
      "categories": [
        "NÁPOJE",
        "LIMONÁDY"
      ],
      "prices": [
        {
          "store_name": "Albert",
          "price": 59.9,
          "original_price": null,
          "unit_price": 79.87,
          "unit": "l",
          "package_size": "750 ml",
          "condition": null
        }
      ],
      "description": null
    },
    {
      "name": "Jubilejná Hruška 35%",
      "brand": "Jubilejná",
      "product_url": "https://wolt.com/cs/cze/prague/venue/albert-vinohradska/jubilejna-hruska-35-itemid-657233256818b938df9485df",
      "image_url": "https://imageproxy.wolt.com/menu/menu-images/64ffec4406cca0140dfab831/5943eb70-8ec9-11ee-8270-2e335c36891d_27747254.jpg",
      "categories": [
        "NÁPOJE",
        "LIHOVINY"
      ],
      "prices": [
        {
          "store_name": "Albert",
          "price": 259.0,
          "original_price": null,
          "unit_price": 370.0,
          "unit": "l",
          "package_size": "700 ml, 35% alc",
          "condition": "18+"
        }
      ],
      "description": null
    },
    {
      "name": "Avelopa Křupky kukuřičné sladké",
      "brand": "Avelopa",
      "product_url": "https://wolt.com/cs/cze/prague/venue/albert-vinohradska/avelopa-krupky-kukuricne-sladke-itemid-64ca0b7cba162577de48986a",
      "image_url": "https://imageproxy.wolt.com/menu/menu-images/64ffec4406cca0140dfab831/c63b304c-8eb7-11ee-9f69-5a7762fb688d_26056692.jpg",
      "categories": [
        "TRVANLIVÉ",
        "SLANÉ"
      ],
      "prices": [
        {
          "store_name": "Albert",
          "price": 29.9,
          "original_price": null,
          "unit_price": 427.14,
          "unit": "Kg",
          "package_size": "70 g",
          "condition": null
        }
      ],
      "description": null
    },
    {
      "name": "Vital snack Chipsy cizrnové s mořskou solí",
      "brand": "Vital",
      "product_url": "https://wolt.com/cs/cze/prague/venue/albert-vinohradska/vital-snack-chipsy-cizrnove-s-morskou-soli-itemid-64ca0b7cba162577de48921f",
      "image_url": "https://imageproxy.wolt.com/menu/menu-images/64ffec4406cca0140dfab831/5f3ec8c6-8ebd-11ee-ac4f-b29f7f1f7f8d_26941530.jpg",
      "categories": [
        "TRVANLIVÉ",
        "SLANÉ"
      ],
      "prices": [
        {
          "store_name": "Albert",
          "price": 28.9,
          "original_price": null,
          "unit_price": 444.62,
          "unit": "Kg",
          "package_size": "65 g",
          "condition": null
        }
      ],
      "description": null
    },
    {
      "name": "Old Spice Whitewater tuhý deodorant",
      "brand": "Old",
      "product_url": "https://wolt.com/cs/cze/prague/venue/albert-vinohradska/old-spice-whitewater-tuhy-deodorant-itemid-6601f169fbf277544fab01a3",
      "image_url": "https://imageproxy.wolt.com/menu/menu-images/63ad795db242366d1f818f36/3c3f4c30-26ff-11ef-bccb-3ecf65f3e66a_27598788.jpg",
      "categories": [
        "DROGERIE A KOSMETIKA",
        "DEODORANTY"
      ],
      "prices": [
        {
          "store_name": "Albert",
          "price": 189.0,
          "original_price": null,
          "unit_price": 2223.53,
          "unit": "l",
          "package_size": "85 ml",
          "condition": null
        }
      ],
      "description": null
    },
    {
      "name": "Softé Tekuté mýdlo v sáčku med",
      "brand": "Softé",
      "product_url": "https://wolt.com/cs/cze/prague/venue/albert-vinohradska/softe-tekute-mydlo-v-sacku-med-itemid-660208d3af25c2c5f59c6b43",
      "image_url": "https://imageproxy.wolt.com/menu/menu-images/6601c613e48d1c8d95333085/3c7faf98-eae4-11ee-9307-4aedea41cff8_27496121.jpg",
      "categories": [
        "DROGERIE A KOSMETIKA",
        "MÝDLA A GELY"
      ],
      "prices": [
        {
          "store_name": "Albert",
          "price": 34.9,
          "original_price": null,
          "unit_price": 34.9,
          "unit": "l",
          "package_size": "1 l",
          "condition": "Vyprodáno"
        }
      ],
      "description": null
    },
    {
      "name": "STR8 Ahead Deodorant sprej",
      "brand": "STR8",
      "product_url": "https://wolt.com/cs/cze/prague/venue/albert-vinohradska/str8-ahead-deodorant-sprej-itemid-64ca0b7cba162577de48a1b6",
      "image_url": "https://imageproxy.wolt.com/menu/menu-images/64ffec4406cca0140dfab831/06626e54-8ebf-11ee-9689-fe8631c3d5e9_27086216.jpg",
      "categories": [
        "DROGERIE A KOSMETIKA",
        "DEODORANTY"
      ],
      "prices": [
        {
          "store_name": "Albert",
          "price": 76.9,
          "original_price": null,
          "unit_price": 512.67,
          "unit": "l",
          "package_size": "150 ml",
          "condition": null
        }
      ],
      "description": null
    },
    {
      "name": "Emco Super Sušenky kakao a kokos",
      "brand": "Emco",
      "product_url": "https://wolt.com/cs/cze/prague/venue/albert-vinohradska/emco-super-susenky-kakao-a-kokos-itemid-64ca0b7cba162577de489940",
      "image_url": "https://imageproxy.wolt.com/menu/menu-images/64ffec4406cca0140dfab831/1b1d25c8-8ec4-11ee-9d0e-66f80a096b2a_27448120.jpg",
      "categories": [
        "TRVANLIVÉ",
        "SLADKOSTI"
      ],
      "prices": [
        {
          "store_name": "Albert",
          "price": 21.9,
          "original_price": null,
          "unit_price": 365.0,
          "unit": "Kg",
          "package_size": "60 g",
          "condition": null
        }
      ],
      "description": null
    },
    {
      "name": "Bonduelle Hrášek v mírně slaném nálevu",
      "brand": "Bonduelle",
      "product_url": "https://wolt.com/cs/cze/prague/venue/albert-vinohradska/bonduelle-hrasek-v-mirne-slanem-nalevu-itemid-64ca0b7cba162577de488fc4",
      "image_url": "https://imageproxy.wolt.com/menu/menu-images/63ad795db242366d1f818f36/cade45f4-7825-11f0-bd93-f2fa7a2cce89_20324278.jpg",
      "categories": [
        "TRVANLIVÉ",
        "KONZERVOVANÉ POTR."
      ],
      "prices": [
        {
          "store_name": "Albert",
          "price": 39.9,
          "original_price": null,
          "unit_price": 306.92,
          "unit": "Kg",
          "package_size": "130 g",
          "condition": null
        }
      ],
      "description": null
    },
    {
      "name": "Bonduelle Vapeur Hrášek jemný",
      "brand": "Bonduelle",
      "product_url": "https://wolt.com/cs/cze/prague/venue/albert-vinohradska/bonduelle-vapeur-hrasek-jemny-itemid-64ca0b7cba162577de48a013",
      "image_url": "https://imageproxy.wolt.com/menu/menu-images/64ffec4406cca0140dfab831/8a5c1132-8eb6-11ee-8ef9-2a867062f6f7_25781526.jpg",
      "categories": [
        "TRVANLIVÉ",
        "KONZERVOVANÉ POTR."
      ],
      "prices": [
        {
          "store_name": "Albert",
          "price": 41.8,
          "original_price": null,
          "unit_price": 298.57,
          "unit": "Kg",
          "package_size": "140 g",
          "condition": null
        }
      ],
      "description": null
    },
    {
      "name": "Natura solamyl",
      "brand": "Natura",
      "product_url": "https://wolt.com/cs/cze/prague/venue/albert-vinohradska/natura-solamyl-itemid-64ca0b7cba162577de4895dc",
      "image_url": "https://imageproxy.wolt.com/menu/menu-images/64ffec4406cca0140dfab831/b93febf4-8ec5-11ee-a673-a6924885d1bf_27570432.jpg",
      "categories": [
        "TRVANLIVÉ",
        "PEČENÍ A VAŘENÍ"
      ],
      "prices": [
        {
          "store_name": "Albert",
          "price": 39.9,
          "original_price": null,
          "unit_price": 199.5,
          "unit": "Kg",
          "package_size": "200 g",
          "condition": null
        }
      ],
      "description": null
    },
    {
      "name": "Franz Josef Kaiser Makrela uz. filety v oleji",
      "brand": "Franz Josef Kaiser",
      "product_url": "https://wolt.com/cs/cze/prague/venue/albert-vinohradska/franz-josef-kaiser-makrela-uz-filety-v-oleji-itemid-657233256818b938df947e37",
      "image_url": "https://imageproxy.wolt.com/menu/menu-images/64ffec4406cca0140dfab831/ce506cc8-8eaf-11ee-9cb7-faa0c7b9848f_23532717.jpg",
      "categories": [
        "TRVANLIVÉ",
        "KONZERVOVANÉ POTR."
      ],
      "prices": [
        {
          "store_name": "Albert",
          "price": 77.8,
          "original_price": null,
          "unit_price": 762.75,
          "unit": "Kg",
          "package_size": "102 g",
          "condition": null
        }
      ],
      "description": null
    },
    {
      "name": "Veselá Kráva Sýr a Křup pizza",
      "brand": "Veselá",
      "product_url": "https://wolt.com/cs/cze/prague/venue/albert-vinohradska/vesela-krava-syr-a-krup-pizza-itemid-64ca0b7cba162577de4899f2",
      "image_url": "https://imageproxy.wolt.com/menu/menu-images/64ffec4406cca0140dfab831/29bc8f1a-8eba-11ee-8572-76d8d681f910_26579276.jpg",
      "categories": [
        "MLÉČNÉ A CHLAZENÉ",
        "SÝRY"
      ],
      "prices": [
        {
          "store_name": "Albert",
          "price": null,
          "original_price": null,
          "unit_price": 511.43,
          "unit": "Kg",
          "package_size": "35 g",
          "condition": "Sleva"
        }
      ],
      "description": null
    },
    {
      "name": "Jadel bílý pařený sýr",
      "brand": "Jadel",
      "product_url": "https://wolt.com/cs/cze/prague/venue/albert-vinohradska/jadel-bily-pareny-syr-itemid-64ca0b7cba162577de489b22",
      "image_url": "https://imageproxy.wolt.com/menu/menu-images/64ffec4406cca0140dfab831/c2e6a0a0-8eb4-11ee-bbd3-be8c16d2d45a_25416909.jpg",
      "categories": [
        "MLÉČNÉ A CHLAZENÉ",
        "SÝRY"
      ],
      "prices": [
        {
          "store_name": "Albert",
          "price": 44.9,
          "original_price": null,
          "unit_price": 408.18,
          "unit": "Kg",
          "package_size": "110 g",
          "condition": null
        }
      ],
      "description": null
    },
    {
      "name": "Víno Mikulov Pálava",
      "brand": "Víno",
      "product_url": "https://wolt.com/cs/cze/prague/venue/albert-vinohradska/vino-mikulov-palava-itemid-657233256818b938df947c9e",
      "image_url": "https://imageproxy.wolt.com/menu/menu-images/64ffec4406cca0140dfab831/b5c62ae6-8eb2-11ee-9504-3ed0b25e551d_24863094.jpg",
      "categories": [
        "NÁPOJE",
        "VÍNA"
      ],
      "prices": [
        {
          "store_name": "Albert",
          "price": 199.0,
          "original_price": null,
          "unit_price": 265.33,
          "unit": "l",
          "package_size": "750 ml, 13% alc",
          "condition": "18+"
        }
      ],
      "description": null
    },
    {
      "name": "Nature's Promise Bio Sezamový olej",
      "brand": "Nature's Promise",
      "product_url": "https://wolt.com/cs/cze/prague/venue/albert-vinohradska/nature-s-promise-bio-sezamovy-olej-itemid-681b5abffcbd67bf7a8f4a03",
      "image_url": "https://imageproxy.wolt.com/menu/menu-images/63ad795db242366d1f818f36/bcfabb78-2b47-11f0-96e7-1e4f01b2dfc5_27966723.jpg",
      "categories": [
        "TRVANLIVÉ",
        "OLEJE A OCTY"
      ],
      "prices": [
        {
          "store_name": "Albert",
          "price": null,
          "original_price": null,
          "unit_price": 359.6,
          "unit": "l",
          "package_size": "250 ml",
          "condition": "Sleva"
        }
      ],
      "description": null
    },
    {
      "name": "Albert Maďarská klobása",
      "brand": "Albert",
      "product_url": "https://wolt.com/cs/cze/prague/venue/albert-vinohradska/albert-madarska-klobasa-itemid-657233256818b938df947848",
      "image_url": "https://imageproxy.wolt.com/menu/menu-images/64ffec4406cca0140dfab831/476f4284-8ec7-11ee-9fbc-6e71a63f1558_27650998.jpg",
      "categories": [
        "UZENINY A LAHŮDKY",
        "PÁRKY A KLOBÁSY"
      ],
      "prices": [
        {
          "store_name": "Albert",
          "price": 99.9,
          "original_price": null,
          "unit_price": 249.75,
          "unit": "Kg",
          "package_size": "400 g",
          "condition": null
        }
      ],
      "description": null
    },
    {
      "name": "Vitana Rýže dlouhozrnná ve varných sáčcích",
      "brand": "Vitana",
      "product_url": "https://wolt.com/cs/cze/prague/venue/albert-vinohradska/vitana-ryze-dlouhozrnna-ve-varnych-saccich-itemid-64ca0b7cba162577de4895ea",
      "image_url": "https://imageproxy.wolt.com/menu/menu-images/64ffec4406cca0140dfab831/258c5bea-8eac-11ee-93f3-ca969f421442_20296346.jpg",
      "categories": [
        "TRVANLIVÉ",
        "RÝŽE A VAŘENÍ"
      ],
      "prices": [
        {
          "store_name": "Albert",
          "price": 36.9,
          "original_price": null,
          "unit_price": 92.25,
          "unit": "Kg",
          "package_size": "400 g",
          "condition": null
        }
      ],
      "description": null
    },
    {
      "name": "Mitia tekuté mýdlo Aloe & Milk",
      "brand": "Mitia",
      "product_url": "https://wolt.com/cs/cze/prague/venue/albert-vinohradska/mitia-tekute-mydlo-aloe-milk-itemid-64ca0b7cba162577de488e49",
      "image_url": "https://imageproxy.wolt.com/menu/menu-images/64ffec4406cca0140dfab831/dd607dd6-8eb2-11ee-be8f-3ed0b25e551d_24897129.jpg",
      "categories": [
        "DROGERIE A KOSMETIKA",
        "MÝDLA A GELY"
      ],
      "prices": [
        {
          "store_name": "Albert",
          "price": 59.9,
          "original_price": null,
          "unit_price": 59.9,
          "unit": "l",
          "package_size": "1 l",
          "condition": null
        }
      ],
      "description": null
    },
    {
      "name": "Dr. Oetker Ristorante Pizza Hawai",
      "brand": "Dr. Oetker",
      "product_url": "https://wolt.com/cs/cze/prague/venue/albert-vinohradska/dr-oetker-ristorante-pizza-hawai-itemid-6876153a0c6218e9f3e5f447",
      "image_url": "https://imageproxy.wolt.com/menu/menu-images/63ad795db242366d1f818f36/1edcf296-a8ea-11f0-a1c7-da25062eb2f6_26909349.jpg",
      "categories": [
        "MRAŽENÉ POTRAVINY",
        "MRAŽENÁ PIZZA A HOTOVÁ JÍDLA"
      ],
      "prices": [
        {
          "store_name": "Albert",
          "price": 89.9,
          "original_price": null,
          "unit_price": 253.24,
          "unit": "Kg",
          "package_size": "355 g",
          "condition": null
        }
      ],
      "description": null
    },
    {
      "name": "Brit Premium Cat pouches sterilised plate",
      "brand": "Brit",
      "product_url": "https://wolt.com/cs/cze/prague/venue/albert-vinohradska/brit-premium-cat-pouches-sterilised-plate-itemid-657233256818b938df948625",
      "image_url": "https://imageproxy.wolt.com/menu/menu-images/64ffec4406cca0140dfab831/6de89302-8ec7-11ee-b1b0-5e8c96b8dcdd_27657652.jpg",
      "categories": [
        "ZVÍŘATA",
        "PSI"
      ],
      "prices": [
        {
          "store_name": "Albert",
          "price": 199.0,
          "original_price": null,
          "unit_price": 165.83,
          "unit": "Kg",
          "package_size": "1,2 kg",
          "condition": null
        }
      ],
      "description": null
    },
    {
      "name": "Albert Excellent Queso de Cabra 50%",
      "brand": "Albert Excellent",
      "product_url": "https://wolt.com/cs/cze/prague/venue/albert-vinohradska/albert-excellent-queso-de-cabra-50-itemid-657233256818b938df947d99",
      "image_url": "https://imageproxy.wolt.com/menu/menu-images/63ad795db242366d1f818f36/0a46bff4-bbe4-11ef-8f2c-4e43ade1e19a_27743188.jpg",
      "categories": [
        "MLÉČNÉ A CHLAZENÉ",
        "SÝRY"
      ],
      "prices": [
        {
          "store_name": "Albert",
          "price": null,
          "original_price": null,
          "unit_price": null,
          "unit": null,
          "package_size": null,
          "condition": "Sleva, Vyprodáno"
        }
      ],
      "description": null
    },
    {
      "name": "Biogena Majestic Tea Noni ovocný čaj švestka",
      "brand": "Biogena",
      "product_url": "https://wolt.com/cs/cze/prague/venue/albert-vinohradska/biogena-majestic-tea-noni-ovocny-caj-svestka-itemid-64ca0b7cba162577de4897d3",
      "image_url": "https://imageproxy.wolt.com/menu/menu-images/64ffec4406cca0140dfab831/523e8ca4-8eb5-11ee-be40-2e3db4b64128_25536690.jpg",
      "categories": [
        "NÁPOJE",
        "KÁVA A ČAJ"
      ],
      "prices": [
        {
          "store_name": "Albert",
          "price": 87.9,
          "original_price": null,
          "unit_price": 1758.0,
          "unit": "Kg",
          "package_size": "50 g",
          "condition": null
        }
      ],
      "description": null
    },
    {
      "name": "Jupí Sirup lesní směs",
      "brand": "Jupí",
      "product_url": "https://wolt.com/cs/cze/prague/venue/albert-vinohradska/jupi-sirup-lesni-smes-itemid-64ca0b7cba162577de4895ba",
      "image_url": "https://imageproxy.wolt.com/menu/menu-images/63ad795db242366d1f818f36/283bf9ca-4e4d-11ef-938d-bafc535819f7_22868862.jpg",
      "categories": [
        "NÁPOJE",
        "SIRUPY A KONCENTRÁTY"
      ],
      "prices": [
        {
          "store_name": "Albert",
          "price": 54.9,
          "original_price": null,
          "unit_price": 78.43,
          "unit": "l",
          "package_size": "700 ml",
          "condition": null
        }
      ],
      "description": null
    },
    {
      "name": "Ferrero Collection",
      "brand": "Ferrero",
      "product_url": "https://wolt.com/cs/cze/prague/venue/albert-vinohradska/ferrero-collection-itemid-657233256818b938df9484b8",
      "image_url": "https://imageproxy.wolt.com/menu/menu-images/63ad795db242366d1f818f36/2f7bf826-765b-11ef-956b-6e109e980b40_27513569.jpg",
      "categories": [
        "TRVANLIVÉ",
        "SLADKOSTI"
      ],
      "prices": [
        {
          "store_name": "Albert",
          "price": 279.0,
          "original_price": null,
          "unit_price": 1622.09,
          "unit": "Kg",
          "package_size": "172 g",
          "condition": "Vyprodáno"
        }
      ],
      "description": null
    },
    {
      "name": "Pivo keltské dědictví  světlý ležák",
      "brand": null,
      "product_url": "https://wolt.com/cs/cze/prague/venue/albert-vinohradska/pivo-keltske-dedictvi-svetly-lezak-itemid-657233256818b938df948aa7",
      "image_url": "https://imageproxy.wolt.com/menu/menu-images/64ffec4406cca0140dfab831/a3f0797c-8eba-11ee-aa78-7217cc85b990_26660554.jpg",
      "categories": [
        "NÁPOJE",
        "PIVA"
      ],
      "prices": [
        {
          "store_name": "Albert",
          "price": 69.9,
          "original_price": null,
          "unit_price": 69.9,
          "unit": "l",
          "package_size": "1 l, 4,8% alc",
          "condition": "18+"
        }
      ],
      "description": null
    },
    {
      "name": "Hellmann's Vegan Tatarská omáčka",
      "brand": "Hellmann's",
      "product_url": "https://wolt.com/cs/cze/prague/venue/albert-vinohradska/hellmann-s-vegan-tatarska-omacka-itemid-64ca0b7cba162577de4892d7",
      "image_url": "https://imageproxy.wolt.com/menu/menu-images/64ffec4406cca0140dfab831/6df15816-8ec7-11ee-b6de-fedb83882cb3_27657973.jpg",
      "categories": [
        "MLÉČNÉ A CHLAZENÉ",
        "ROSTLINNÉ PRODUKTY"
      ],
      "prices": [
        {
          "store_name": "Albert",
          "price": 49.9,
          "original_price": null,
          "unit_price": 184.81,
          "unit": "Kg",
          "package_size": "270 g",
          "condition": null
        }
      ],
      "description": null
    },
    {
      "name": "Albert 100% Šťáva mrkev",
      "brand": "Albert",
      "product_url": "https://wolt.com/cs/cze/prague/venue/albert-vinohradska/albert-100-stava-mrkev-itemid-64ca0b7cba162577de488b81",
      "image_url": "https://imageproxy.wolt.com/menu/menu-images/64ffec4406cca0140dfab831/ba603962-8ec0-11ee-95fa-52a4ddf1765f_27193990.jpg",
      "categories": [
        "NÁPOJE",
        "DŽUSY A NEKTARY"
      ],
      "prices": [
        {
          "store_name": "Albert",
          "price": 52.9,
          "original_price": null,
          "unit_price": 52.9,
          "unit": "l",
          "package_size": "1 l",
          "condition": null
        }
      ],
      "description": null
    },
    {
      "name": "Figaro Čokopiškoty s příchutí lesního ovoce",
      "brand": "Figaro",
      "product_url": "https://wolt.com/cs/cze/prague/venue/albert-vinohradska/figaro-cokopiskoty-s-prichuti-lesniho-ovoce-itemid-657233256818b938df948769",
      "image_url": "https://imageproxy.wolt.com/menu/menu-images/63ad795db242366d1f818f36/c82c8eb6-f8ef-11ef-aede-3e5ec0631b4c_25091113.jpg",
      "categories": [
        "TRVANLIVÉ",
        "SLADKOSTI"
      ],
      "prices": [
        {
          "store_name": "Albert",
          "price": 44.9,
          "original_price": null,
          "unit_price": 305.44,
          "unit": "Kg",
          "package_size": "147 g",
          "condition": null
        }
      ],
      "description": null
    },
    {
      "name": "Tullamore Dew irská whiskey 40%",
      "brand": "Tullamore",
      "product_url": "https://wolt.com/cs/cze/prague/venue/albert-vinohradska/tullamore-dew-irska-whiskey-40-itemid-657233256818b938df9484e1",
      "image_url": "https://imageproxy.wolt.com/menu/menu-images/64ffec4406cca0140dfab831/5a410ec0-8ebc-11ee-8906-1299365deb04_26834726.jpg",
      "categories": [
        "NÁPOJE",
        "LIHOVINY"
      ],
      "prices": [
        {
          "store_name": "Albert",
          "price": 449.0,
          "original_price": null,
          "unit_price": 898.0,
          "unit": "l",
          "package_size": "500 ml, 40% alc",
          "condition": "18+"
        }
      ],
      "description": null
    },
    {
      "name": "Nature's Promise Šťáva pomeranč, mango, marakuja",
      "brand": "Nature's Promise",
      "product_url": "https://wolt.com/cs/cze/prague/venue/albert-vinohradska/nature-s-promise-stava-pomeranc-mango-marakuja-itemid-64ca0b7cba162577de489ac6",
      "image_url": "https://imageproxy.wolt.com/menu/menu-images/64ffec4406cca0140dfab831/891842dc-8ec5-11ee-80f9-bed13653e197_27553343.jpg",
      "categories": [
        "NÁPOJE",
        "DŽUSY A NEKTARY"
      ],
      "prices": [
        {
          "store_name": "Albert",
          "price": 34.9,
          "original_price": null,
          "unit_price": 139.6,
          "unit": "l",
          "package_size": "250 ml",
          "condition": null
        }
      ],
      "description": null
    },
    {
      "name": "Uniferm Pekařské droždí",
      "brand": "Uniferm",
      "product_url": "https://wolt.com/cs/cze/prague/venue/albert-vinohradska/uniferm-pekarske-drozdi-itemid-64ca0b7cba162577de4896d2",
      "image_url": "https://imageproxy.wolt.com/menu/menu-images/64ffec4406cca0140dfab831/20fc4b6a-8eae-11ee-bc5e-96106fe39af5_21866418.jpg",
      "categories": [
        "MLÉČNÉ A CHLAZENÉ",
        "VEJCE A DROŽDÍ"
      ],
      "prices": [
        {
          "store_name": "Albert",
          "price": 9.5,
          "original_price": null,
          "unit_price": 226.19,
          "unit": "Kg",
          "package_size": "42 g",
          "condition": "Vyprodáno"
        }
      ],
      "description": null
    },
    {
      "name": "Albert Kypřicí prášek do pečiva",
      "brand": "Albert",
      "product_url": "https://wolt.com/cs/cze/prague/venue/albert-vinohradska/albert-kyprici-prasek-do-peciva-itemid-64ca0b7cba162577de489578",
      "image_url": "https://imageproxy.wolt.com/menu/menu-images/64ffec4406cca0140dfab831/b3820e62-8ec1-11ee-aaa1-bad10d590585_27258026.jpg",
      "categories": [
        "TRVANLIVÉ",
        "PEČENÍ A VAŘENÍ"
      ],
      "prices": [
        {
          "store_name": "Albert",
          "price": 1.9,
          "original_price": null,
          "unit_price": 158.33,
          "unit": "Kg",
          "package_size": "12 g",
          "condition": null
        }
      ],
      "description": null
    },
    {
      "name": "Chipicao Croissant kakaová náplň",
      "brand": "Chipicao",
      "product_url": "https://wolt.com/cs/cze/prague/venue/albert-vinohradska/chipicao-croissant-kakaova-napln-itemid-657233256818b938df94786b",
      "image_url": "https://imageproxy.wolt.com/menu/menu-images/64ffec4406cca0140dfab831/9486b9b8-8eb2-11ee-912e-3a1814765055_24833240.jpg",
      "categories": [
        "PEKÁRNA A CUKRÁRNA",
        "SLADKÉ PEČIVO BALENÉ"
      ],
      "prices": [
        {
          "store_name": "Albert",
          "price": 19.9,
          "original_price": null,
          "unit_price": 331.67,
          "unit": "Kg",
          "package_size": "60 g",
          "condition": null
        }
      ],
      "description": null
    },
    {
      "name": "Hami Boloňské špagety",
      "brand": "Hami",
      "product_url": "https://wolt.com/cs/cze/prague/venue/albert-vinohradska/hami-bolonske-spagety-itemid-64ca0b7cba162577de489bbf",
      "image_url": "https://imageproxy.wolt.com/menu/menu-images/63ad795db242366d1f818f36/69eff0be-9796-11ef-9f12-d6202a3bf922_25126860.jpg",
      "categories": [
        "DÍTĚ",
        "VÝŽIVA"
      ],
      "prices": [
        {
          "store_name": "Albert",
          "price": 59.9,
          "original_price": null,
          "unit_price": 260.43,
          "unit": "Kg",
          "package_size": "230 g",
          "condition": null
        }
      ],
      "description": null
    },
    {
      "name": "Nature's Promise Bio Kids Mrazem sušené mango",
      "brand": "Nature's Promise",
      "product_url": "https://wolt.com/cs/cze/prague/venue/albert-vinohradska/nature-s-promise-bio-kids-mrazem-susene-mango-itemid-6601ef059fe4efe7db74b656",
      "image_url": "https://imageproxy.wolt.com/menu/menu-images/63ad795db242366d1f818f36/9f20f1ac-8e26-11f0-a67b-d638748799e8_27796504.jpg",
      "categories": [
        "OVOCE A ZELENINA",
        "SUCHÉ PLODY"
      ],
      "prices": [
        {
          "store_name": "Albert",
          "price": null,
          "original_price": null,
          "unit_price": 2326.67,
          "unit": "Kg",
          "package_size": "15 g",
          "condition": "Sleva"
        }
      ],
      "description": null
    },
    {
      "name": "Albert Gouda 48% bloček",
      "brand": "Albert",
      "product_url": "https://wolt.com/cs/cze/prague/venue/albert-vinohradska/albert-gouda-48-blocek-itemid-64ca0b7cba162577de4881b1",
      "image_url": "https://imageproxy.wolt.com/menu/menu-images/64ffec4406cca0140dfab831/22b20058-8ebd-11ee-b806-a2650c40792b_26916941.jpg",
      "categories": [
        "MLÉČNÉ A CHLAZENÉ",
        "SÝRY"
      ],
      "prices": [
        {
          "store_name": "Albert",
          "price": 43.9,
          "original_price": null,
          "unit_price": 219.5,
          "unit": "Kg",
          "package_size": "200 g",
          "condition": null
        }
      ],
      "description": null
    },
    {
      "name": "Hoffmann Křen pikantní",
      "brand": "Hoffmann",
      "product_url": "https://wolt.com/cs/cze/prague/venue/albert-vinohradska/hoffmann-kren-pikantni-itemid-66021db77051211a6cb1bb68",
      "image_url": "https://imageproxy.wolt.com/menu/menu-images/6601c613e48d1c8d95333085/72e262fc-eae3-11ee-ab6a-b20fca39c28b_26928982.jpg",
      "categories": [
        "TRVANLIVÉ",
        "KOŘENÍ A OCHUCOVADLA"
      ],
      "prices": [
        {
          "store_name": "Albert",
          "price": 62.9,
          "original_price": null,
          "unit_price": 449.29,
          "unit": "Kg",
          "package_size": "140 g",
          "condition": null
        }
      ],
      "description": null
    },
    {
      "name": "Bohemilk Opočenský jogurt borůvka, ostružina",
      "brand": "Bohemilk",
      "product_url": "https://wolt.com/cs/cze/prague/venue/albert-vinohradska/bohemilk-opocensky-jogurt-boruvka-ostruzina-itemid-64ca0b7cba162577de489637",
      "image_url": "https://imageproxy.wolt.com/menu/menu-images/64ffec4406cca0140dfab831/8e2a1fd6-8eb9-11ee-b915-1e037cde04d4_26453347.jpg",
      "categories": [
        "MLÉČNÉ A CHLAZENÉ",
        "JOGURTY A DEZERTY"
      ],
      "prices": [
        {
          "store_name": "Albert",
          "price": 28.9,
          "original_price": null,
          "unit_price": 192.67,
          "unit": "Kg",
          "package_size": "150 g",
          "condition": null
        }
      ],
      "description": null
    },
    {
      "name": "Albert Směs letní",
      "brand": "Albert",
      "product_url": "https://wolt.com/cs/cze/prague/venue/albert-vinohradska/albert-smes-letni-itemid-6876153a0c6218e9f3e5f416",
      "image_url": "https://imageproxy.wolt.com/menu/menu-images/64b62ec5e5ab70cdc92e30f0/e747c1de-616e-11f0-802f-522e2402f6fd_24876827.jpg",
      "categories": [
        "MRAŽENÉ POTRAVINY",
        "MRAŽENÉ OVOCE A ZELENINA"
      ],
      "prices": [
        {
          "store_name": "Albert",
          "price": 34.9,
          "original_price": null,
          "unit_price": 99.71,
          "unit": "Kg",
          "package_size": "350 g",
          "condition": null
        }
      ],
      "description": null
    },
    {
      "name": "Albert Kousky kuřete a telecího v omáčce",
      "brand": "Albert",
      "product_url": "https://wolt.com/cs/cze/prague/venue/albert-vinohradska/albert-kousky-kurete-a-teleciho-v-omacce-itemid-6601e161a04ce0438b080c98",
      "image_url": "https://imageproxy.wolt.com/menu/menu-images/63ad795db242366d1f818f36/3dcab59c-ed44-11ef-8102-5645dfe064c1_27767740.jpg",
      "categories": [
        "ZVÍŘATA",
        "KOČKY"
      ],
      "prices": [
        {
          "store_name": "Albert",
          "price": 24.9,
          "original_price": null,
          "unit_price": 60.0,
          "unit": "Kg",
          "package_size": "415 g",
          "condition": null
        }
      ],
      "description": null
    },
    {
      "name": "Cafissimo espresso 10ks Espresso kapsle",
      "brand": "Cafissimo",
      "product_url": "https://wolt.com/cs/cze/prague/venue/albert-vinohradska/cafissimo-espresso-10ks-espresso-kapsle-itemid-64ca0b7cba162577de489a0e",
      "image_url": "https://imageproxy.wolt.com/menu/menu-images/63ad795db242366d1f818f36/0f079f50-7826-11f0-af2a-ba80eada4c41_25048315.jpg",
      "categories": [
        "NÁPOJE",
        "KÁVA A ČAJ"
      ],
      "prices": [
        {
          "store_name": "Albert",
          "price": 129.9,
          "original_price": null,
          "unit_price": 12.99,
          "unit": "ks",
          "package_size": "‪10‬ kusů",
          "condition": null
        }
      ],
      "description": null
    },
    {
      "name": "Kempy Paštika játrová",
      "brand": "Kempy",
      "product_url": "https://wolt.com/cs/cze/prague/venue/albert-vinohradska/kempy-pastika-jatrova-itemid-64ca0b7cba162577de4892e2",
      "image_url": "https://imageproxy.wolt.com/menu/menu-images/64ffec4406cca0140dfab831/37692878-8ec2-11ee-a022-3a9a41c1cb36_27287729.jpg",
      "categories": [
        "TRVANLIVÉ",
        "KONZERVOVANÉ POTR."
      ],
      "prices": [
        {
          "store_name": "Albert",
          "price": 14.9,
          "original_price": null,
          "unit_price": 149.0,
          "unit": "Kg",
          "package_size": "100 g",
          "condition": null
        }
      ],
      "description": null
    },
    {
      "name": "Persil Power Caps Deep Clean Prací kapsle",
      "brand": "Persil",
      "product_url": "https://wolt.com/cs/cze/prague/venue/albert-vinohradska/persil-power-caps-deep-clean-praci-kapsle-itemid-64ca0b7cba162577de489d97",
      "image_url": "https://imageproxy.wolt.com/menu/menu-images/64ffec4406cca0140dfab831/7cf48d54-8eb5-11ee-8b2b-feea992db910_25565874.jpg",
      "categories": [
        "DROGERIE A KOSMETIKA",
        "PRACÍ PROSTŘEDKY"
      ],
      "prices": [
        {
          "store_name": "Albert",
          "price": null,
          "original_price": null,
          "unit_price": 8.59,
          "unit": "ks",
          "package_size": "‪29‬ kusů",
          "condition": "Sleva"
        }
      ],
      "description": null
    },
    {
      "name": "Gerber Křupky malina a banán",
      "brand": "Gerber",
      "product_url": "https://wolt.com/cs/cze/prague/venue/albert-vinohradska/gerber-krupky-malina-a-banan-itemid-657233256818b938df94832f",
      "image_url": "https://imageproxy.wolt.com/menu/menu-images/63ad795db242366d1f818f36/8ee4e14c-5efa-11ef-a10f-b61d8ebd9f2a_27642481.jpg",
      "categories": [
        "DÍTĚ",
        "VÝŽIVA"
      ],
      "prices": [
        {
          "store_name": "Albert",
          "price": 49.9,
          "original_price": null,
          "unit_price": 1425.71,
          "unit": "Kg",
          "package_size": "35 g",
          "condition": null
        }
      ],
      "description": null
    },
    {
      "name": "Carla Poleva mléčná",
      "brand": "Carla",
      "product_url": "https://wolt.com/cs/cze/prague/venue/albert-vinohradska/carla-poleva-mlecna-itemid-64ca0b7cba162577de489e98",
      "image_url": "https://imageproxy.wolt.com/menu/menu-images/64ffec4406cca0140dfab831/c9baefaa-8ead-11ee-95d9-c21b45fc094b_21251931.jpg",
      "categories": [
        "TRVANLIVÉ",
        "PEČENÍ A VAŘENÍ"
      ],
      "prices": [
        {
          "store_name": "Albert",
          "price": 29.9,
          "original_price": null,
          "unit_price": 299.0,
          "unit": "Kg",
          "package_size": "100 g",
          "condition": null
        }
      ],
      "description": null
    },
    {
      "name": "Giana Tuňákový salát Italiano",
      "brand": "Giana",
      "product_url": "https://wolt.com/cs/cze/prague/venue/albert-vinohradska/giana-tunakovy-salat-italiano-itemid-64ca0b7cba162577de4892df",
      "image_url": "https://imageproxy.wolt.com/menu/menu-images/63ad795db242366d1f818f36/85c7e5da-9796-11ef-9258-b2e3f0aa2baf_24442879.jpg",
      "categories": [
        "TRVANLIVÉ",
        "KONZERVOVANÉ POTR."
      ],
      "prices": [
        {
          "store_name": "Albert",
          "price": 67.9,
          "original_price": null,
          "unit_price": 367.03,
          "unit": "Kg",
          "package_size": "185 g",
          "condition": null
        }
      ],
      "description": null
    },
    {
      "name": "Liptov Parenica uzená",
      "brand": "Liptov",
      "product_url": "https://wolt.com/cs/cze/prague/venue/albert-vinohradska/liptov-parenica-uzena-itemid-64ca0b7cba162577de4894f4",
      "image_url": "https://imageproxy.wolt.com/menu/menu-images/63ad795db242366d1f818f36/73853fba-25b4-11f0-bda7-7ab65bd00c8e_24992923.jpg",
      "categories": [
        "MLÉČNÉ A CHLAZENÉ",
        "SÝRY"
      ],
      "prices": [
        {
          "store_name": "Albert",
          "price": 54.9,
          "original_price": null,
          "unit_price": 522.86,
          "unit": "Kg",
          "package_size": "105 g",
          "condition": null
        }
      ],
      "description": null
    },
    {
      "name": "Pickwick Ovocný čaj mango a pomeranč",
      "brand": "Pickwick",
      "product_url": "https://wolt.com/cs/cze/prague/venue/albert-vinohradska/pickwick-ovocny-caj-mango-a-pomeranc-itemid-64ca0b7cba162577de489a01",
      "image_url": "https://imageproxy.wolt.com/menu/menu-images/63ad795db242366d1f818f36/ac0b16a6-aef6-11ee-ad0d-3e060e8bbe18_27172001.jpg",
      "categories": [
        "NÁPOJE",
        "KÁVA A ČAJ"
      ],
      "prices": [
        {
          "store_name": "Albert",
          "price": 32.9,
          "original_price": null,
          "unit_price": 940.0,
          "unit": "Kg",
          "package_size": "35 g",
          "condition": null
        }
      ],
      "description": null
    },
    {
      "name": "Albert Strouhanka",
      "brand": "Albert",
      "product_url": "https://wolt.com/cs/cze/prague/venue/albert-vinohradska/albert-strouhanka-itemid-64ca0b7cba162577de488595",
      "image_url": "https://imageproxy.wolt.com/menu/menu-images/64ffec4406cca0140dfab831/d8c36534-8eb9-11ee-8874-ca3c3355ab39_26518527.jpg",
      "categories": [
        "PEKÁRNA A CUKRÁRNA",
        "STROUHANKA"
      ],
      "prices": [
        {
          "store_name": "Albert",
          "price": 21.9,
          "original_price": null,
          "unit_price": 43.8,
          "unit": "Kg",
          "package_size": "500 g",
          "condition": null
        }
      ],
      "description": null
    },
    {
      "name": "Hellmann's Majonéza originál",
      "brand": "Hellmann's",
      "product_url": "https://wolt.com/cs/cze/prague/venue/albert-vinohradska/hellmann-s-majoneza-original-itemid-64ca0b7cba162577de48855f",
      "image_url": "https://imageproxy.wolt.com/menu/menu-images/64ffec4406cca0140dfab831/844a0f84-8ec4-11ee-929d-a2846f3734b2_27477595.jpg",
      "categories": [
        "MLÉČNÉ A CHLAZENÉ",
        "MAJONÉZY A TATARKY"
      ],
      "prices": [
        {
          "store_name": "Albert",
          "price": 49.9,
          "original_price": null,
          "unit_price": 123.21,
          "unit": "l",
          "package_size": "405 ml",
          "condition": null
        }
      ],
      "description": null
    },
    {
      "name": "Olma Florian Smetanový jogurt káva arabica",
      "brand": "Olma",
      "product_url": "https://wolt.com/cs/cze/prague/venue/albert-vinohradska/olma-florian-smetanovy-jogurt-kava-arabica-itemid-657233256818b938df948505",
      "image_url": "https://imageproxy.wolt.com/menu/menu-images/64ffec4406cca0140dfab831/72b5dc66-8ec0-11ee-bb14-5eb9bb96d91f_27173442.jpg",
      "categories": [
        "MLÉČNÉ A CHLAZENÉ",
        "JOGURTY A DEZERTY"
      ],
      "prices": [
        {
          "store_name": "Albert",
          "price": null,
          "original_price": null,
          "unit_price": 66.0,
          "unit": "Kg",
          "package_size": "150 g",
          "condition": "Sleva"
        }
      ],
      "description": null
    },
    {
      "name": "Albert Excellent Pecorino Romano DOP 32%",
      "brand": "Albert Excellent",
      "product_url": "https://wolt.com/cs/cze/prague/venue/albert-vinohradska/albert-excellent-pecorino-romano-dop-32-itemid-64ca0b7cba162577de489b78",
      "image_url": "https://imageproxy.wolt.com/menu/menu-images/63ad795db242366d1f818f36/5f9ab7d0-bbe4-11ef-bded-06aa8b923733_26120140.jpg",
      "categories": [
        "MLÉČNÉ A CHLAZENÉ",
        "SÝRY"
      ],
      "prices": [
        {
          "store_name": "Albert",
          "price": null,
          "original_price": null,
          "unit_price": null,
          "unit": null,
          "package_size": null,
          "condition": "Sleva, Vyprodáno"
        }
      ],
      "description": null
    },
    {
      "name": "Nature's Promise Bio Kuře kořenící směs",
      "brand": "Nature's Promise",
      "product_url": "https://wolt.com/cs/cze/prague/venue/albert-vinohradska/nature-s-promise-bio-kure-korenici-smes-itemid-681b5abffcbd67bf7a8f49e2",
      "image_url": "https://imageproxy.wolt.com/menu/menu-images/63ad795db242366d1f818f36/9b78d624-2b47-11f0-8211-ba04dab492bf_27935941.jpg",
      "categories": [
        "TRVANLIVÉ",
        "KOŘENÍ A OCHUCOVADLA"
      ],
      "prices": [
        {
          "store_name": "Albert",
          "price": 19.9,
          "original_price": null,
          "unit_price": 995.0,
          "unit": "Kg",
          "package_size": "20 g",
          "condition": null
        }
      ],
      "description": null
    },
    {
      "name": "Knorr Polévka sýrová nudlová",
      "brand": "Knorr",
      "product_url": "https://wolt.com/cs/cze/prague/venue/albert-vinohradska/knorr-polevka-syrova-nudlova-itemid-657233256818b938df947aef",
      "image_url": "https://imageproxy.wolt.com/menu/menu-images/64ffec4406cca0140dfab831/3efe1a3e-8ebe-11ee-b22a-3a3bddbb56de_27008843.jpg",
      "categories": [
        "TRVANLIVÉ",
        "INSTANTNÍ POKRMY"
      ],
      "prices": [
        {
          "store_name": "Albert",
          "price": 31.9,
          "original_price": null,
          "unit_price": 522.95,
          "unit": "Kg",
          "package_size": "61 g",
          "condition": null
        }
      ],
      "description": null
    },
    {
      "name": "Emma Mandle v mléčné čokoládě a skořici",
      "brand": "Emma",
      "product_url": "https://wolt.com/cs/cze/prague/venue/albert-vinohradska/emma-mandle-v-mlecne-cokolade-a-skorici-itemid-64ca0b7cba162577de48974c",
      "image_url": "https://imageproxy.wolt.com/menu/menu-images/63ad795db242366d1f818f36/f0b87062-d995-11ef-899b-aee08d3aab72_23711679.jpg",
      "categories": [
        "OVOCE A ZELENINA",
        "SUCHÉ PLODY"
      ],
      "prices": [
        {
          "store_name": "Albert",
          "price": 74.9,
          "original_price": null,
          "unit_price": 374.5,
          "unit": "Kg",
          "package_size": "200 g",
          "condition": null
        }
      ],
      "description": null
    },
    {
      "name": "Gustona Mandarinky ve sladkém nálevu",
      "brand": "Gustona",
      "product_url": "https://wolt.com/cs/cze/prague/venue/albert-vinohradska/gustona-mandarinky-ve-sladkem-nalevu-itemid-64ca0b7cba162577de488781",
      "image_url": "https://imageproxy.wolt.com/menu/menu-images/63ad795db242366d1f818f36/addb014e-5efa-11ef-b671-1269d11e3f79_26396019.jpg",
      "categories": [
        "TRVANLIVÉ",
        "KONZERVOVANÉ POTR."
      ],
      "prices": [
        {
          "store_name": "Albert",
          "price": 25.9,
          "original_price": null,
          "unit_price": 148.0,
          "unit": "Kg",
          "package_size": "175 g",
          "condition": null
        }
      ],
      "description": null
    },
    {
      "name": "Olma Klasik originál jogurt bílý",
      "brand": "Olma",
      "product_url": "https://wolt.com/cs/cze/prague/venue/albert-vinohradska/olma-klasik-original-jogurt-bily-itemid-64ca0b7cba162577de489602",
      "image_url": "https://imageproxy.wolt.com/menu/menu-images/64ffec4406cca0140dfab831/25b820a4-8eac-11ee-b8ca-06dbe2f769e5_20295950.jpg",
      "categories": [
        "MLÉČNÉ A CHLAZENÉ",
        "JOGURTY A DEZERTY"
      ],
      "prices": [
        {
          "store_name": "Albert",
          "price": null,
          "original_price": null,
          "unit_price": 59.75,
          "unit": "Kg",
          "package_size": "400 g",
          "condition": "Sleva"
        }
      ],
      "description": null
    },
    {
      "name": "Gustona Rýže kulatozrnná",
      "brand": "Gustona",
      "product_url": "https://wolt.com/cs/cze/prague/venue/albert-vinohradska/gustona-ryze-kulatozrnna-itemid-64ca0b7cba162577de488165",
      "image_url": "https://imageproxy.wolt.com/menu/menu-images/63ad795db242366d1f818f36/7f0dfde4-3213-11ef-b94a-c6476a940c3f_27157992.jpg",
      "categories": [
        "TRVANLIVÉ",
        "RÝŽE A LUŠTENINY"
      ],
      "prices": [
        {
          "store_name": "Albert",
          "price": 39.9,
          "original_price": null,
          "unit_price": 39.9,
          "unit": "Kg",
          "package_size": "1 kg",
          "condition": null
        }
      ],
      "description": null
    },
    {
      "name": "Nekton Výběrový uzený šprot v oleji",
      "brand": "Nekton",
      "product_url": "https://wolt.com/cs/cze/prague/venue/albert-vinohradska/nekton-vyberovy-uzeny-sprot-v-oleji-itemid-64ca0b7cba162577de488acd",
      "image_url": "https://imageproxy.wolt.com/menu/menu-images/64ffec4406cca0140dfab831/c0c71f0e-8ead-11ee-b4e3-c231a3feaf11_21215025.jpg",
      "categories": [
        "TRVANLIVÉ",
        "KONZERVOVANÉ POTR."
      ],
      "prices": [
        {
          "store_name": "Albert",
          "price": 59.9,
          "original_price": null,
          "unit_price": 520.87,
          "unit": "Kg",
          "package_size": "115 g",
          "condition": null
        }
      ],
      "description": null
    },
    {
      "name": "Kunín Smetana sladká 12% na vaření",
      "brand": "Kunín",
      "product_url": "https://wolt.com/cs/cze/prague/venue/albert-vinohradska/kunin-smetana-sladka-12-na-vareni-itemid-64ca0b7cba162577de4891dd",
      "image_url": "https://imageproxy.wolt.com/menu/menu-images/63ad795db242366d1f818f36/1cabb350-d996-11ef-a2d8-dad26f29a3ad_20653781.jpg",
      "categories": [
        "MLÉČNÉ A CHLAZENÉ",
        "SMETANY A ŠLEHAČKY"
      ],
      "prices": [
        {
          "store_name": "Albert",
          "price": 27.9,
          "original_price": null,
          "unit_price": 139.5,
          "unit": "Kg",
          "package_size": "200 g",
          "condition": null
        }
      ],
      "description": null
    },
    {
      "name": "Discreet Normal Intimky bez parfumace",
      "brand": "Discreet",
      "product_url": "https://wolt.com/cs/cze/prague/venue/albert-vinohradska/discreet-normal-intimky-bez-parfumace-itemid-657233256818b938df9479ea",
      "image_url": "https://imageproxy.wolt.com/menu/menu-images/63ad795db242366d1f818f36/a72a25d2-5efa-11ef-8588-f2b34992637b_26761565.jpg",
      "categories": [
        "DROGERIE A KOSMETIKA",
        "DÁMSKÉ HYG. POTŘEBY"
      ],
      "prices": [
        {
          "store_name": "Albert",
          "price": 119.9,
          "original_price": null,
          "unit_price": 1.2,
          "unit": "ks",
          "package_size": "‪100‬ kusů",
          "condition": null
        }
      ],
      "description": null
    },
    {
      "name": "Schauma Classic šampon pro muže",
      "brand": "Schauma",
      "product_url": "https://wolt.com/cs/cze/prague/venue/albert-vinohradska/schauma-classic-sampon-pro-muze-itemid-64ca0b7cba162577de489c44",
      "image_url": "https://imageproxy.wolt.com/menu/menu-images/64ffec4406cca0140dfab831/ef8ec55a-8eb0-11ee-a81c-1e9e4c6f0bda_24142144.jpg",
      "categories": [
        "DROGERIE A KOSMETIKA",
        "PÉČE O VLASY"
      ],
      "prices": [
        {
          "store_name": "Albert",
          "price": 97.9,
          "original_price": null,
          "unit_price": 244.75,
          "unit": "l",
          "package_size": "400 ml",
          "condition": null
        }
      ],
      "description": null
    },
    {
      "name": "Madeta MAXI Lipánek tvarohový kakao",
      "brand": "Madeta",
      "product_url": "https://wolt.com/cs/cze/prague/venue/albert-vinohradska/madeta-maxi-lipanek-tvarohovy-kakao-itemid-64ca0b7cba162577de4882cf",
      "image_url": "https://imageproxy.wolt.com/menu/menu-images/64ffec4406cca0140dfab831/6137d3de-8ec2-11ee-ba91-0eb01a66e252_27298336.jpg",
      "categories": [
        "MLÉČNÉ A CHLAZENÉ",
        "JOGURTY A DEZERTY"
      ],
      "prices": [
        {
          "store_name": "Albert",
          "price": 23.9,
          "original_price": null,
          "unit_price": 183.85,
          "unit": "Kg",
          "package_size": "130 g",
          "condition": null
        }
      ],
      "description": null
    },
    {
      "name": "J.P. Chenet Merlot",
      "brand": "J.P",
      "product_url": "https://wolt.com/cs/cze/prague/venue/albert-vinohradska/j-p-chenet-merlot-itemid-657233256818b938df947d95",
      "image_url": "https://imageproxy.wolt.com/menu/menu-images/64ffec4406cca0140dfab831/c84a7e0e-8eaf-11ee-8bed-1e9e4c6f0bda_23523562.jpg",
      "categories": [
        "NÁPOJE",
        "VÍNA"
      ],
      "prices": [
        {
          "store_name": "Albert",
          "price": null,
          "original_price": null,
          "unit_price": 119.87,
          "unit": "l",
          "package_size": "750 ml, 13,5% alc",
          "condition": "Sleva, 18+"
        }
      ],
      "description": null
    },
    {
      "name": "Albert listové těsto hluboce zmrazené",
      "brand": "Albert",
      "product_url": "https://wolt.com/cs/cze/prague/venue/albert-vinohradska/albert-listove-testo-hluboce-zmrazene-itemid-6876153a0c6218e9f3e5f474",
      "image_url": "https://imageproxy.wolt.com/menu/menu-images/64b62ec5e5ab70cdc92e30f0/230d496e-616f-11f0-bb0d-5a9694788d33_27707197.jpg",
      "categories": [
        "MRAŽENÉ POTRAVINY",
        "MRAŽENÁ PIZZA A HOTOVÁ JÍDLA"
      ],
      "prices": [
        {
          "store_name": "Albert",
          "price": 22.9,
          "original_price": null,
          "unit_price": 57.25,
          "unit": "Kg",
          "package_size": "400 g",
          "condition": null
        }
      ],
      "description": null
    },
    {
      "name": "Glade Osvěžovač vzduchu Relaxing Zen",
      "brand": "Glade",
      "product_url": "https://wolt.com/cs/cze/prague/venue/albert-vinohradska/glade-osvezovac-vzduchu-relaxing-zen-itemid-657233256818b938df9486fb",
      "image_url": "https://imageproxy.wolt.com/menu/menu-images/64ffec4406cca0140dfab831/f679d448-8eb2-11ee-abea-9e446d541704_24926867.jpg",
      "categories": [
        "DOMÁCNOST A ZAHRADA",
        "OSVĚŽOVAČE VZDUCHU"
      ],
      "prices": [
        {
          "store_name": "Albert",
          "price": 89.9,
          "original_price": null,
          "unit_price": 299.67,
          "unit": "l",
          "package_size": "300 ml",
          "condition": null
        }
      ],
      "description": null
    },
    {
      "name": "Kitbis Bonbony Medvídci",
      "brand": "Kitbis",
      "product_url": "https://wolt.com/cs/cze/prague/venue/albert-vinohradska/kitbis-bonbony-medvidci-itemid-6601e396cac78ba1a232475e",
      "image_url": "https://imageproxy.wolt.com/menu/menu-images/6601c613e48d1c8d95333085/88a7bd0e-eae2-11ee-9a88-3a68d9936760_24790680.jpg",
      "categories": [
        "TRVANLIVÉ",
        "SLADKOSTI"
      ],
      "prices": [
        {
          "store_name": "Albert",
          "price": 14.9,
          "original_price": null,
          "unit_price": 149.0,
          "unit": "Kg",
          "package_size": "100 g",
          "condition": null
        }
      ],
      "description": null
    },
    {
      "name": "L'Oréal Paris Elseve Total Repair 5 balzám",
      "brand": "L'Oréal",
      "product_url": "https://wolt.com/cs/cze/prague/venue/albert-vinohradska/l-oreal-paris-elseve-total-repair-5-balzam-itemid-64ca0b7cba162577de489fad",
      "image_url": "https://imageproxy.wolt.com/menu/menu-images/64ffec4406cca0140dfab831/beb89daa-8eb7-11ee-9dd4-9e446d541704_26049502.jpg",
      "categories": [
        "DROGERIE A KOSMETIKA",
        "PÉČE O VLASY"
      ],
      "prices": [
        {
          "store_name": "Albert",
          "price": 159.0,
          "original_price": null,
          "unit_price": 530.0,
          "unit": "l",
          "package_size": "300 ml",
          "condition": null
        }
      ],
      "description": null
    },
    {
      "name": "Sunar Do ručičky ovocná kapsička hruška 4m+",
      "brand": "Sunar",
      "product_url": "https://wolt.com/cs/cze/prague/venue/albert-vinohradska/sunar-do-rucicky-ovocna-kapsicka-hruska-4m-itemid-64ca0b7cba162577de48a348",
      "image_url": "https://imageproxy.wolt.com/menu/menu-images/64ffec4406cca0140dfab831/93f05dd6-8ebe-11ee-ae87-d61ea9882201_27035825.jpg",
      "categories": [
        "DÍTĚ",
        "VÝŽIVA"
      ],
      "prices": [
        {
          "store_name": "Albert",
          "price": 21.9,
          "original_price": null,
          "unit_price": 219.0,
          "unit": "Kg",
          "package_size": "100 g",
          "condition": null
        }
      ],
      "description": null
    },
    {
      "name": "Pochoutka Poleva na vaření",
      "brand": "Pochoutka",
      "product_url": "https://wolt.com/cs/cze/prague/venue/albert-vinohradska/pochoutka-poleva-na-vareni-itemid-64ca0b7cba162577de489aaa",
      "image_url": "https://imageproxy.wolt.com/menu/menu-images/64ffec4406cca0140dfab831/4de0769a-8eb0-11ee-a073-0208801a60c2_23727960.jpg",
      "categories": [
        "TRVANLIVÉ",
        "SLADKOSTI"
      ],
      "prices": [
        {
          "store_name": "Albert",
          "price": 24.9,
          "original_price": null,
          "unit_price": 276.67,
          "unit": "Kg",
          "package_size": "90 g",
          "condition": null
        }
      ],
      "description": null
    },
    {
      "name": "Česká chuť Debrecínská pečeně",
      "brand": "Česká chuť",
      "product_url": "https://wolt.com/cs/cze/prague/venue/albert-vinohradska/ceska-chut-debrecinska-pecene-itemid-64ca0b7cba162577de48830f",
      "image_url": "https://imageproxy.wolt.com/menu/menu-images/64ffec4406cca0140dfab831/aab887f0-8342-11ee-916f-0a848537e103_26863054.jpg",
      "categories": [
        "UZENINY A LAHŮDKY",
        "ŠUNKY A SLANINY"
      ],
      "prices": [
        {
          "store_name": "Albert",
          "price": 29.9,
          "original_price": null,
          "unit_price": 299.0,
          "unit": "Kg",
          "package_size": "100 g",
          "condition": null
        }
      ],
      "description": null
    },
    {
      "name": "Mixit Müsli Low Carb borůvka",
      "brand": "Mixit",
      "product_url": "https://wolt.com/cs/cze/prague/venue/albert-vinohradska/mixit-musli-low-carb-boruvka-itemid-681b5abffcbd67bf7a8f4a1f",
      "image_url": "https://imageproxy.wolt.com/menu/menu-images/63ad795db242366d1f818f36/ae154812-2b47-11f0-9992-869b82451654_27958452.jpg",
      "categories": [
        "TRVANLIVÉ",
        "MÜSLI A CEREÁLIE"
      ],
      "prices": [
        {
          "store_name": "Albert",
          "price": 219.0,
          "original_price": null,
          "unit_price": 547.5,
          "unit": "Kg",
          "package_size": "400 g",
          "condition": "Vyprodáno"
        }
      ],
      "description": null
    },
    {
      "name": "Česká chuť Eidam 45% plátky",
      "brand": "Česká chuť",
      "product_url": "https://wolt.com/cs/cze/prague/venue/albert-vinohradska/ceska-chut-eidam-45-platky-itemid-64ca0b7cba162577de48911b",
      "image_url": "https://imageproxy.wolt.com/menu/menu-images/64ffec4406cca0140dfab831/1f35477a-8ec0-11ee-bf33-aa877d47d6e0_27159149.jpg",
      "categories": [
        "MLÉČNÉ A CHLAZENÉ",
        "SÝRY"
      ],
      "prices": [
        {
          "store_name": "Albert",
          "price": 53.9,
          "original_price": null,
          "unit_price": 269.5,
          "unit": "Kg",
          "package_size": "200 g",
          "condition": null
        }
      ],
      "description": null
    },
    {
      "name": "River Tonic original",
      "brand": "River",
      "product_url": "https://wolt.com/cs/cze/prague/venue/albert-vinohradska/river-tonic-original-itemid-64ca0b7cba162577de489228",
      "image_url": "https://imageproxy.wolt.com/menu/menu-images/64ffec4406cca0140dfab831/d9078c12-8eac-11ee-8f01-fe16b6783abc_20331856.jpg",
      "categories": [
        "NÁPOJE",
        "LIMONÁDY"
      ],
      "prices": [
        {
          "store_name": "Albert",
          "price": 36.9,
          "original_price": null,
          "unit_price": 18.45,
          "unit": "l",
          "package_size": "2 l",
          "condition": null
        }
      ],
      "description": null
    },
    {
      "name": "Madeta Jihočeský Eidam uzený 44% plátky",
      "brand": "Madeta",
      "product_url": "https://wolt.com/cs/cze/prague/venue/albert-vinohradska/madeta-jihocesky-eidam-uzeny-44-platky-itemid-64ca0b7cba162577de488163",
      "image_url": "https://imageproxy.wolt.com/menu/menu-images/64ffec4406cca0140dfab831/077ea11c-8ec0-11ee-be70-0e9fc0f27358_27154946.jpg",
      "categories": [
        "MLÉČNÉ A CHLAZENÉ",
        "SÝRY"
      ],
      "prices": [
        {
          "store_name": "Albert",
          "price": 29.9,
          "original_price": null,
          "unit_price": 299.0,
          "unit": "Kg",
          "package_size": "100 g",
          "condition": null
        }
      ],
      "description": null
    },
    {
      "name": "Nestlé Cornflakes",
      "brand": "Nestlé",
      "product_url": "https://wolt.com/cs/cze/prague/venue/albert-vinohradska/nestle-cornflakes-itemid-64ca0b7cba162577de489a19",
      "image_url": "https://imageproxy.wolt.com/menu/menu-images/64ffec4406cca0140dfab831/b22a6412-8eb0-11ee-9413-2a789dffa3ae_23945630.jpg",
      "categories": [
        "TRVANLIVÉ",
        "MÜSLI A CEREÁLIE"
      ],
      "prices": [
        {
          "store_name": "Albert",
          "price": 114.9,
          "original_price": null,
          "unit_price": 229.8,
          "unit": "Kg",
          "package_size": "500 g",
          "condition": null
        }
      ],
      "description": null
    },
    {
      "name": "Orion Studentská pečeť mléčnobílá čokoláda",
      "brand": "Orion",
      "product_url": "https://wolt.com/cs/cze/prague/venue/albert-vinohradska/orion-studentska-pecet-mlecnobila-cokolada-itemid-64ca0b7cba162577de488345",
      "image_url": "https://imageproxy.wolt.com/menu/menu-images/64ffec4406cca0140dfab831/6e66f3b4-8eb8-11ee-83f6-1627932f216d_26094571.jpg",
      "categories": [
        "TRVANLIVÉ",
        "SLADKOSTI"
      ],
      "prices": [
        {
          "store_name": "Albert",
          "price": 69.9,
          "original_price": null,
          "unit_price": 411.18,
          "unit": "Kg",
          "package_size": "170 g",
          "condition": null
        }
      ],
      "description": null
    },
    {
      "name": "Ron Barcelo Gran Aňejo rum 37,5%",
      "brand": "Ron",
      "product_url": "https://wolt.com/cs/cze/prague/venue/albert-vinohradska/ron-barcelo-gran-anejo-rum-37-5-itemid-64ca0b7cba162577de48a105",
      "image_url": "https://imageproxy.wolt.com/menu/menu-images/64ffec4406cca0140dfab831/af5870b8-8ebe-11ee-a4ea-723b124ceb50_27046999.jpg",
      "categories": [
        "NÁPOJE",
        "LIHOVINY"
      ],
      "prices": [
        {
          "store_name": "Albert",
          "price": 569.0,
          "original_price": null,
          "unit_price": 812.86,
          "unit": "l",
          "package_size": "700 ml, 37,5% alc",
          "condition": "18+"
        }
      ],
      "description": null
    },
    {
      "name": "Albert Sýr balkánský",
      "brand": "Albert",
      "product_url": "https://wolt.com/cs/cze/prague/venue/albert-vinohradska/albert-syr-balkansky-itemid-64ca0b7cba162577de488501",
      "image_url": "https://imageproxy.wolt.com/menu/menu-images/64ffec4406cca0140dfab831/0106ebc2-8eb2-11ee-89d7-7a4dcb26504b_24633338.jpg",
      "categories": [
        "MLÉČNÉ A CHLAZENÉ",
        "SÝRY"
      ],
      "prices": [
        {
          "store_name": "Albert",
          "price": 38.9,
          "original_price": null,
          "unit_price": 216.11,
          "unit": "Kg",
          "package_size": "180 g",
          "condition": null
        }
      ],
      "description": null
    },
    {
      "name": "Emma Mandle v mléčné čokoládě",
      "brand": "Emma",
      "product_url": "https://wolt.com/cs/cze/prague/venue/albert-vinohradska/emma-mandle-v-mlecne-cokolade-itemid-64ca0b7cba162577de48999a",
      "image_url": "https://imageproxy.wolt.com/menu/menu-images/63ad795db242366d1f818f36/9f8dd5d0-765b-11ef-8e23-3e624ed29b9b_23711655.jpg",
      "categories": [
        "OVOCE A ZELENINA",
        "SUCHÉ PLODY"
      ],
      "prices": [
        {
          "store_name": "Albert",
          "price": 74.9,
          "original_price": null,
          "unit_price": 374.5,
          "unit": "Kg",
          "package_size": "200 g",
          "condition": null
        }
      ],
      "description": null
    },
    {
      "name": "Svíčka hřbitovní mini olejová",
      "brand": null,
      "product_url": "https://wolt.com/cs/cze/prague/venue/albert-vinohradska/svicka-hrbitovni-mini-olejova-itemid-64ca0b7cba162577de489d84",
      "image_url": "https://imageproxy.wolt.com/menu/menu-images/64ffec4406cca0140dfab831/cc890732-8eb5-11ee-a4ea-662d260bbeaa_25633245.jpg",
      "categories": [
        "DOMÁCNOST A ZAHRADA",
        "SVÍČKY"
      ],
      "prices": [
        {
          "store_name": "Albert",
          "price": 24.9,
          "original_price": null,
          "unit_price": 24.9,
          "unit": "ks",
          "package_size": "‪1‬ kus",
          "condition": null
        }
      ],
      "description": null
    },
    {
      "name": "Leerdammer Finesse Caractère plátky",
      "brand": "Leerdammer",
      "product_url": "https://wolt.com/cs/cze/prague/venue/albert-vinohradska/leerdammer-finesse-caractere-platky-itemid-64ca0b7cba162577de4899af",
      "image_url": "https://imageproxy.wolt.com/menu/menu-images/63ad795db242366d1f818f36/25cccfba-9796-11ef-a02b-e2fd33a21bc1_26754611.jpg",
      "categories": [
        "MLÉČNÉ A CHLAZENÉ",
        "SÝRY"
      ],
      "prices": [
        {
          "store_name": "Albert",
          "price": 51.9,
          "original_price": null,
          "unit_price": 648.75,
          "unit": "Kg",
          "package_size": "80 g",
          "condition": null
        }
      ],
      "description": null
    },
    {
      "name": "AXE Dark Temptation Sprchový gel pro muže",
      "brand": "AXE",
      "product_url": "https://wolt.com/cs/cze/prague/venue/albert-vinohradska/axedarktemptation-sprchovygelpromuze-itemid-6601fd92a759a5373047b1a5",
      "image_url": "https://imageproxy.wolt.com/menu/menu-images/63ad795db242366d1f818f36/d7d60888-f8ef-11ef-aca1-b62930007d68_25842395.jpg",
      "categories": [
        "DROGERIE A KOSMETIKA",
        "MÝDLA A GELY"
      ],
      "prices": [
        {
          "store_name": "Albert",
          "price": 129.9,
          "original_price": null,
          "unit_price": 324.75,
          "unit": "l",
          "package_size": "400 ml",
          "condition": null
        }
      ],
      "description": null
    },
    {
      "name": "Schär Pan Multigrano Chléb vícezrnný bez lepku",
      "brand": "Schär",
      "product_url": "https://wolt.com/cs/cze/prague/venue/albert-vinohradska/schar-pan-multigrano-chleb-vicezrnny-bez-lepku-itemid-64ca0b7cba162577de489437",
      "image_url": "https://imageproxy.wolt.com/menu/menu-images/64ffec4406cca0140dfab831/14e7ca2e-8ebe-11ee-b1d9-6e81ffaa4982_26990187.jpg",
      "categories": [
        "PEKÁRNA A CUKRÁRNA",
        "RACIO A KNÄCKEBROT"
      ],
      "prices": [
        {
          "store_name": "Albert",
          "price": null,
          "original_price": null,
          "unit_price": 219.6,
          "unit": "Kg",
          "package_size": "250 g",
          "condition": "Sleva"
        }
      ],
      "description": null
    },
    {
      "name": "Božkov Speciál mandlový 30%",
      "brand": "Božkov",
      "product_url": "https://wolt.com/cs/cze/prague/venue/albert-vinohradska/bozkov-special-mandlovy-30-itemid-64ca0b7cba162577de489838",
      "image_url": "https://imageproxy.wolt.com/menu/menu-images/63ad795db242366d1f818f36/fcd88640-ed43-11ef-b8d9-12a65984a95b_26344270.jpg",
      "categories": [
        "NÁPOJE",
        "LIHOVINY"
      ],
      "prices": [
        {
          "store_name": "Albert",
          "price": 149.9,
          "original_price": null,
          "unit_price": 299.8,
          "unit": "l",
          "package_size": "500 ml, 30% alc",
          "condition": "18+"
        }
      ],
      "description": null
    },
    {
      "name": "Nature's Promise Bio Cizrna v nálevu",
      "brand": "Nature's Promise",
      "product_url": "https://wolt.com/cs/cze/prague/venue/albert-vinohradska/nature-s-promise-bio-cizrna-v-nalevu-itemid-64ca0b7cba162577de48a3d9",
      "image_url": "https://imageproxy.wolt.com/menu/menu-images/63ad795db242366d1f818f36/9263aa56-5efa-11ef-b34b-ca5b7b3ff149_27580356.jpg",
      "categories": [
        "TRVANLIVÉ",
        "KONZERVOVANÉ POTR."
      ],
      "prices": [
        {
          "store_name": "Albert",
          "price": null,
          "original_price": null,
          "unit_price": 107.6,
          "unit": "Kg",
          "package_size": "250 g",
          "condition": "Sleva"
        }
      ],
      "description": null
    },
    {
      "name": "Arašídy pražené solené",
      "brand": "Arašídy",
      "product_url": "https://wolt.com/cs/cze/prague/venue/albert-vinohradska/arasidy-prazene-solene-itemid-64ca0b7cba162577de4890d1",
      "image_url": "https://imageproxy.wolt.com/menu/menu-images/64ffec4406cca0140dfab831/47d2e10c-8eb5-11ee-9561-166df9adf1b7_25534740.jpg",
      "categories": [
        "TRVANLIVÉ",
        "SLANÉ"
      ],
      "prices": [
        {
          "store_name": "Albert",
          "price": 9.9,
          "original_price": null,
          "unit_price": 99.0,
          "unit": "Kg",
          "package_size": "100 g",
          "condition": null
        }
      ],
      "description": null
    },
    {
      "name": "Dr. Oetker Kyselina citrónová",
      "brand": "Dr. Oetker",
      "product_url": "https://wolt.com/cs/cze/prague/venue/albert-vinohradska/dr-oetker-kyselina-citronova-itemid-657233256818b938df94839f",
      "image_url": "https://imageproxy.wolt.com/menu/menu-images/64ffec4406cca0140dfab831/3eafa184-8ec2-11ee-9701-fe512f326f5c_27289655.jpg",
      "categories": [
        "TRVANLIVÉ",
        "PEČENÍ A VAŘENÍ"
      ],
      "prices": [
        {
          "store_name": "Albert",
          "price": 27.9,
          "original_price": null,
          "unit_price": 348.75,
          "unit": "Kg",
          "package_size": "80 g",
          "condition": null
        }
      ],
      "description": null
    },
    {
      "name": "Loyd Svařák se švestkovou příchutí",
      "brand": "Loyd",
      "product_url": "https://wolt.com/cs/cze/prague/venue/albert-vinohradska/loyd-svarak-se-svestkovou-prichuti-itemid-64ca0b7cba162577de4881ed",
      "image_url": "https://imageproxy.wolt.com/menu/menu-images/64ffec4406cca0140dfab831/673ff924-8eb2-11ee-a2cb-2a789dffa3ae_24736701.jpg",
      "categories": [
        "NÁPOJE",
        "KÁVA A ČAJ"
      ],
      "prices": [
        {
          "store_name": "Albert",
          "price": 39.9,
          "original_price": null,
          "unit_price": 1330.0,
          "unit": "Kg",
          "package_size": "30 g",
          "condition": null
        }
      ],
      "description": null
    },
    {
      "name": "Mango",
      "brand": "Mango",
      "product_url": "https://wolt.com/cs/cze/prague/venue/albert-vinohradska/mango-itemid-64ca0b7cba162577de48874b",
      "image_url": "https://imageproxy.wolt.com/menu/menu-images/63ad795db242366d1f818f36/a21e72ea-bbe4-11ef-bc6c-dee4180eae6c_20443597.jpg",
      "categories": [
        "OVOCE A ZELENINA",
        "OVOCE"
      ],
      "prices": [
        {
          "store_name": "Albert",
          "price": null,
          "original_price": null,
          "unit_price": 29.9,
          "unit": "ks",
          "package_size": "‪1‬ kus",
          "condition": "Sleva"
        }
      ],
      "description": null
    },
    {
      "name": "Hellmann's Kečup extra ostrý",
      "brand": "Hellmann's",
      "product_url": "https://wolt.com/cs/cze/prague/venue/albert-vinohradska/hellmann-s-kecup-extra-ostry-itemid-657233256818b938df947850",
      "image_url": "https://imageproxy.wolt.com/menu/menu-images/64ffec4406cca0140dfab831/1b254e74-8ebf-11ee-b26e-a2650c40792b_27091166.jpg",
      "categories": [
        "TRVANLIVÉ",
        "KEČUPY A HOŘČICE"
      ],
      "prices": [
        {
          "store_name": "Albert",
          "price": 66.9,
          "original_price": null,
          "unit_price": 137.94,
          "unit": "Kg",
          "package_size": "485 g",
          "condition": null
        }
      ],
      "description": null
    },
    {
      "name": "Nature's Promise Bio ovesné vločky",
      "brand": "Nature's Promise",
      "product_url": "https://wolt.com/cs/cze/prague/venue/albert-vinohradska/nature-s-promise-bio-ovesne-vlocky-itemid-66021eeca759a5373047ec7b",
      "image_url": "https://imageproxy.wolt.com/menu/menu-images/6601c613e48d1c8d95333085/8132b5f8-eae5-11ee-b0d9-0a322dd571ff_27846698.jpg",
      "categories": [
        "TRVANLIVÉ",
        "MÜSLI A CEREÁLIE"
      ],
      "prices": [
        {
          "store_name": "Albert",
          "price": 24.9,
          "original_price": null,
          "unit_price": 49.8,
          "unit": "Kg",
          "package_size": "500 g",
          "condition": null
        }
      ],
      "description": null
    },
    {
      "name": "Kitbis Perníčky s cukrovou polevou",
      "brand": "Kitbis",
      "product_url": "https://wolt.com/cs/cze/prague/venue/albert-vinohradska/kitbis-pernicky-s-cukrovou-polevou-itemid-64ca0b7cba162577de48806b",
      "image_url": "https://imageproxy.wolt.com/menu/menu-images/64ffec4406cca0140dfab831/63b51e8a-8eb0-11ee-93bd-e6fbf8d3c3b0_23762244.jpg",
      "categories": [
        "TRVANLIVÉ",
        "SLADKOSTI"
      ],
      "prices": [
        {
          "store_name": "Albert",
          "price": 25.9,
          "original_price": null,
          "unit_price": 129.5,
          "unit": "Kg",
          "package_size": "200 g",
          "condition": null
        }
      ],
      "description": null
    },
    {
      "name": "Giana Tuňák kousky ve slunečnicovém oleji",
      "brand": "Giana",
      "product_url": "https://wolt.com/cs/cze/prague/venue/albert-vinohradska/giana-tunak-kousky-ve-slunecnicovem-oleji-itemid-64ca0b7cba162577de48972c",
      "image_url": "https://imageproxy.wolt.com/menu/menu-images/63ad795db242366d1f818f36/d7daaa28-f8ef-11ef-a7e2-f20bdc3a7d62_25708561.jpg",
      "categories": [
        "TRVANLIVÉ",
        "KONZERVOVANÉ POTR."
      ],
      "prices": [
        {
          "store_name": "Albert",
          "price": 99.9,
          "original_price": null,
          "unit_price": 640.38,
          "unit": "Kg",
          "package_size": "156 g",
          "condition": null
        }
      ],
      "description": null
    },
    {
      "name": "Milkpol Máslo 82%",
      "brand": "Milkpol",
      "product_url": "https://wolt.com/cs/cze/prague/venue/albert-vinohradska/milkpol-maslo-82-itemid-64ca0b7cba162577de489237",
      "image_url": "https://imageproxy.wolt.com/menu/menu-images/6745ec28c3b7723db3588430/091367fa-d4fb-11f0-b137-06a7e5b8b5c9_24543675.jpg",
      "categories": [
        "MLÉČNÉ A CHLAZENÉ",
        "MÁSLO A TUKY"
      ],
      "prices": [
        {
          "store_name": "Albert",
          "price": 49.9,
          "original_price": null,
          "unit_price": 199.6,
          "unit": "Kg",
          "package_size": "250 g",
          "condition": null
        }
      ],
      "description": null
    },
    {
      "name": "YoPRO Protein puding s vanilkovou příchutí",
      "brand": "YoPRO",
      "product_url": "https://wolt.com/cs/cze/prague/venue/albert-vinohradska/yopro-protein-puding-s-vanilkovou-prichuti-itemid-657233256818b938df948491",
      "image_url": "https://imageproxy.wolt.com/menu/menu-images/63ad795db242366d1f818f36/544fb100-2b47-11f0-888b-0ed9bcca9bb3_27787144.jpg",
      "categories": [
        "MLÉČNÉ A CHLAZENÉ",
        "JOGURTY A DEZERTY"
      ],
      "prices": [
        {
          "store_name": "Albert",
          "price": 48.9,
          "original_price": null,
          "unit_price": 271.67,
          "unit": "Kg",
          "package_size": "180 g",
          "condition": null
        }
      ],
      "description": null
    },
    {
      "name": "Albert Eidam 45% bloček",
      "brand": "Albert",
      "product_url": "https://wolt.com/cs/cze/prague/venue/albert-vinohradska/albert-eidam-45-blocek-itemid-64ca0b7cba162577de488a8b",
      "image_url": "https://imageproxy.wolt.com/menu/menu-images/64ffec4406cca0140dfab831/c88fc082-8ebd-11ee-8a4f-9ec5d8563a7d_26965918.jpg",
      "categories": [
        "MLÉČNÉ A CHLAZENÉ",
        "SÝRY"
      ],
      "prices": [
        {
          "store_name": "Albert",
          "price": 42.9,
          "original_price": null,
          "unit_price": 214.5,
          "unit": "Kg",
          "package_size": "200 g",
          "condition": null
        }
      ],
      "description": null
    },
    {
      "name": "Albert Sýr Krolewski light plátky",
      "brand": "Albert",
      "product_url": "https://wolt.com/cs/cze/prague/venue/albert-vinohradska/albert-syr-krolewski-light-platky-itemid-64ca0b7cba162577de489273",
      "image_url": "https://imageproxy.wolt.com/menu/menu-images/64ffec4406cca0140dfab831/8781f438-8ebe-11ee-bda2-362baa77ef89_27035399.jpg",
      "categories": [
        "MLÉČNÉ A CHLAZENÉ",
        "SÝRY"
      ],
      "prices": [
        {
          "store_name": "Albert",
          "price": 47.9,
          "original_price": null,
          "unit_price": 319.33,
          "unit": "Kg",
          "package_size": "150 g",
          "condition": null
        }
      ],
      "description": null
    },
    {
      "name": "Mentos Pure Fresh Strawberry žvýkačky",
      "brand": "Mentos",
      "product_url": "https://wolt.com/cs/cze/prague/venue/albert-vinohradska/mentos-pure-fresh-strawberry-zvykacky-itemid-64ca0b7cba162577de48a16e",
      "image_url": "https://imageproxy.wolt.com/menu/menu-images/64ffec4406cca0140dfab831/2a48abb4-8ebd-11ee-a145-ea9b0480a229_26923222.jpg",
      "categories": [
        "TRVANLIVÉ",
        "SLADKOSTI"
      ],
      "prices": [
        {
          "store_name": "Albert",
          "price": 19.9,
          "original_price": null,
          "unit_price": 663.33,
          "unit": "Kg",
          "package_size": "30 g",
          "condition": null
        }
      ],
      "description": null
    },
    {
      "name": "Emma Kešu pražené solené",
      "brand": "Emma",
      "product_url": "https://wolt.com/cs/cze/prague/venue/albert-vinohradska/emma-kesu-prazene-solene-itemid-651c84163162b3ed0a39f131",
      "image_url": "https://imageproxy.wolt.com/menu/menu-images/63ad795db242366d1f818f36/2f782cb4-765b-11ef-8dba-666f4a7e8d9e_27756072.jpg",
      "categories": [
        "OVOCE A ZELENINA",
        "SUCHÉ PLODY"
      ],
      "prices": [
        {
          "store_name": "Albert",
          "price": 59.9,
          "original_price": null,
          "unit_price": 399.33,
          "unit": "Kg",
          "package_size": "150 g",
          "condition": null
        }
      ],
      "description": null
    },
    {
      "name": "Alpro Kokosový dezert Stracciatella",
      "brand": "Alpro",
      "product_url": "https://wolt.com/cs/cze/prague/venue/albert-vinohradska/alpro-kokosovy-dezert-stracciatella-itemid-681b5abffcbd67bf7a8f4a32",
      "image_url": "https://imageproxy.wolt.com/menu/menu-images/63ad795db242366d1f818f36/48f8f280-2b47-11f0-98a2-e2dc59dff9ce_27666623.jpg",
      "categories": [
        "MLÉČNÉ A CHLAZENÉ",
        "ROSTLINNÉ PRODUKTY"
      ],
      "prices": [
        {
          "store_name": "Albert",
          "price": 41.9,
          "original_price": null,
          "unit_price": 349.17,
          "unit": "Kg",
          "package_size": "120 g",
          "condition": null
        }
      ],
      "description": null
    },
    {
      "name": "Scalini Prosecco Frizzante",
      "brand": "Scalini",
      "product_url": "https://wolt.com/cs/cze/prague/venue/albert-vinohradska/scalini-prosecco-frizzante-itemid-64ca0b7cba162577de4886cf",
      "image_url": "https://imageproxy.wolt.com/menu/menu-images/64ffec4406cca0140dfab831/aaef77e8-8ec2-11ee-8160-46b0bb5ce808_27316917.jpg",
      "categories": [
        "NÁPOJE",
        "VÍNA"
      ],
      "prices": [
        {
          "store_name": "Albert",
          "price": 119.9,
          "original_price": null,
          "unit_price": 159.87,
          "unit": "l",
          "package_size": "750 ml, 10,5% alc",
          "condition": "18+"
        }
      ],
      "description": null
    },
    {
      "name": "Persil Prací gel Sensitive",
      "brand": "Persil",
      "product_url": "https://wolt.com/cs/cze/prague/venue/albert-vinohradska/persil-praci-gel-sensitive-itemid-64ca0b7cba162577de488db5",
      "image_url": "https://imageproxy.wolt.com/menu/menu-images/64ffec4406cca0140dfab831/80d5a3fe-8eb5-11ee-9718-c6aa6b123400_25571912.jpg",
      "categories": [
        "DROGERIE A KOSMETIKA",
        "PRACÍ PROSTŘEDKY"
      ],
      "prices": [
        {
          "store_name": "Albert",
          "price": null,
          "original_price": null,
          "unit_price": 6.23,
          "unit": "ks",
          "package_size": "‪40‬ kusů",
          "condition": "Sleva, Vyprodáno"
        }
      ],
      "description": null
    },
    {
      "name": "Efko Okurky delikates 3-6 cm",
      "brand": "Efko",
      "product_url": "https://wolt.com/cs/cze/prague/venue/albert-vinohradska/efko-okurky-delikates-3-6-cm-itemid-64ca0b7cba162577de48896f",
      "image_url": "https://imageproxy.wolt.com/menu/menu-images/64ffec4406cca0140dfab831/00d8a15c-8eb4-11ee-9f3d-1e037cde04d4_25225938.jpg",
      "categories": [
        "TRVANLIVÉ",
        "KONZERVOVANÉ POTR."
      ],
      "prices": [
        {
          "store_name": "Albert",
          "price": 54.9,
          "original_price": null,
          "unit_price": 140.77,
          "unit": "Kg",
          "package_size": "390 g",
          "condition": null
        }
      ],
      "description": null
    },
    {
      "name": "Albert Excellent Tapas Hummus s rajčaty sušenými",
      "brand": "Albert Excellent",
      "product_url": "https://wolt.com/cs/cze/prague/venue/albert-vinohradska/albert-excellent-tapas-hummus-srajcaty-susenymi-itemid-64ca0b7cba162577de48970a",
      "image_url": "https://imageproxy.wolt.com/menu/menu-images/63ad795db242366d1f818f36/92a4ba4e-8e26-11f0-bccc-922ef6605bb7_27643549.jpg",
      "categories": [
        "UZENINY A LAHŮDKY",
        "TAPAS"
      ],
      "prices": [
        {
          "store_name": "Albert",
          "price": 69.0,
          "original_price": null,
          "unit_price": 394.29,
          "unit": "Kg",
          "package_size": "175 g",
          "condition": null
        }
      ],
      "description": null
    },
    {
      "name": "Kuře bez drobů chlazené",
      "brand": "Kuře",
      "product_url": "https://wolt.com/cs/cze/prague/venue/albert-vinohradska/kure-bez-drobu-chlazene-itemid-64ca0b7cba162577de48809b",
      "image_url": "https://imageproxy.wolt.com/menu/menu-images/64ffec4406cca0140dfab831/53cfbeac-8eb1-11ee-8146-2a867062f6f7_24306096.jpg",
      "categories": [
        "MASO A RYBY",
        "DRŮBEŽ"
      ],
      "prices": [
        {
          "store_name": "Albert",
          "price": 134.85,
          "original_price": null,
          "unit_price": null,
          "unit": null,
          "package_size": null,
          "condition": null
        }
      ],
      "description": null
    },
    {
      "name": "Albert Tvaroh polotučný",
      "brand": "Albert",
      "product_url": "https://wolt.com/cs/cze/prague/venue/albert-vinohradska/albert-tvaroh-polotucny-itemid-64ca0b7cba162577de488191",
      "image_url": "https://imageproxy.wolt.com/menu/menu-images/64ffec4406cca0140dfab831/99ca0d62-8eb2-11ee-bc8c-2a867062f6f7_24840569.jpg",
      "categories": [
        "MLÉČNÉ A CHLAZENÉ",
        "TVAROHY"
      ],
      "prices": [
        {
          "store_name": "Albert",
          "price": 22.9,
          "original_price": null,
          "unit_price": 91.6,
          "unit": "Kg",
          "package_size": "250 g",
          "condition": null
        }
      ],
      "description": null
    },
    {
      "name": "Arašídy pražené solené",
      "brand": "Arašídy",
      "product_url": "https://wolt.com/cs/cze/prague/venue/albert-vinohradska/arasidy-prazene-solene-itemid-64ca0b7cba162577de489efd",
      "image_url": "https://imageproxy.wolt.com/menu/menu-images/64ffec4406cca0140dfab831/d10227ea-8eb4-11ee-9cf0-16e6bf59122a_25434064.jpg",
      "categories": [
        "TRVANLIVÉ",
        "SLANÉ"
      ],
      "prices": [
        {
          "store_name": "Albert",
          "price": 79.9,
          "original_price": null,
          "unit_price": 228.29,
          "unit": "Kg",
          "package_size": "350 g",
          "condition": null
        }
      ],
      "description": null
    },
    {
      "name": "Franz Josef Kaiser Tuňák kousky v oleji s chilli",
      "brand": "Franz Josef Kaiser",
      "product_url": "https://wolt.com/cs/cze/prague/venue/albert-vinohradska/franz-josef-kaiser-tunak-kousky-v-oleji-s-chilli-itemid-64ca0b7cba162577de488349",
      "image_url": "https://imageproxy.wolt.com/menu/menu-images/64ffec4406cca0140dfab831/d8b18c30-8eb2-11ee-a068-1ec840397d06_24893794.jpg",
      "categories": [
        "TRVANLIVÉ",
        "KONZERVOVANÉ POTR."
      ],
      "prices": [
        {
          "store_name": "Albert",
          "price": 44.9,
          "original_price": null,
          "unit_price": 374.17,
          "unit": "Kg",
          "package_size": "120 g",
          "condition": null
        }
      ],
      "description": null
    },
    {
      "name": "Emma Chia semínka",
      "brand": "Emma",
      "product_url": "https://wolt.com/cs/cze/prague/venue/albert-vinohradska/emma-chia-seminka-itemid-64ca0b7cba162577de4884d1",
      "image_url": "https://imageproxy.wolt.com/menu/menu-images/63ad795db242366d1f818f36/ff81cb2c-ed43-11ef-859c-228fa094d8cf_26404004.jpg",
      "categories": [
        "OVOCE A ZELENINA",
        "SUCHÉ PLODY"
      ],
      "prices": [
        {
          "store_name": "Albert",
          "price": null,
          "original_price": null,
          "unit_price": 169.0,
          "unit": "Kg",
          "package_size": "100 g",
          "condition": "Sleva"
        }
      ],
      "description": null
    },
    {
      "name": "Albert Tatarská omáčka",
      "brand": "Albert",
      "product_url": "https://wolt.com/cs/cze/prague/venue/albert-vinohradska/albert-tatarska-omacka-itemid-64ca0b7cba162577de48843d",
      "image_url": "https://imageproxy.wolt.com/menu/menu-images/64ffec4406cca0140dfab831/dc86cf76-8eb9-11ee-98db-5a7762fb688d_26520254.jpg",
      "categories": [
        "MLÉČNÉ A CHLAZENÉ",
        "MAJONÉZY A TATARKY"
      ],
      "prices": [
        {
          "store_name": "Albert",
          "price": 12.9,
          "original_price": null,
          "unit_price": 129.0,
          "unit": "l",
          "package_size": "100 ml",
          "condition": null
        }
      ],
      "description": null
    },
    {
      "name": "Albert Excellent Tapas Gouda mladá kostky",
      "brand": "Albert Excellent",
      "product_url": "https://wolt.com/cs/cze/prague/venue/albert-vinohradska/albert-excellent-tapas-gouda-mlada-kostky-itemid-64ca0b7cba162577de4896e3",
      "image_url": "https://imageproxy.wolt.com/menu/menu-images/6745ec28c3b7723db3588430/61f9b9a2-eb01-11f0-b502-d6e53e09f4f1_27596890.jpg",
      "categories": [
        "UZENINY A LAHŮDKY",
        "TAPAS"
      ],
      "prices": [
        {
          "store_name": "Albert",
          "price": 79.0,
          "original_price": null,
          "unit_price": 658.33,
          "unit": "Kg",
          "package_size": "120 g",
          "condition": null
        }
      ],
      "description": null
    },
    {
      "name": "Ahmad Tea Ovocný a bylinný čaj",
      "brand": "Ahmad",
      "product_url": "https://wolt.com/cs/cze/prague/venue/albert-vinohradska/ahmad-tea-ovocny-a-bylinny-caj-itemid-64ca0b7cba162577de48a49e",
      "image_url": "https://imageproxy.wolt.com/menu/menu-images/64ffec4406cca0140dfab831/6adc50c4-8ec0-11ee-bd4f-0e9fc0f27358_27172049.jpg",
      "categories": [
        "NÁPOJE",
        "KÁVA A ČAJ"
      ],
      "prices": [
        {
          "store_name": "Albert",
          "price": 81.9,
          "original_price": null,
          "unit_price": 2275.0,
          "unit": "Kg",
          "package_size": "36 g",
          "condition": null
        }
      ],
      "description": null
    },
    {
      "name": "Sanytol Tekuté mýdlo dezinfekční hydratující",
      "brand": "Sanytol",
      "product_url": "https://wolt.com/cs/cze/prague/venue/albert-vinohradska/sanytol-tekute-mydlo-dezinfekcni-hydratujici-itemid-657233256818b938df9483ff",
      "image_url": "https://imageproxy.wolt.com/menu/menu-images/64ffec4406cca0140dfab831/5bad42a8-8ec9-11ee-915e-2e2fd9c09968_27747407.jpg",
      "categories": [
        "DROGERIE A KOSMETIKA",
        "MÝDLA A GELY"
      ],
      "prices": [
        {
          "store_name": "Albert",
          "price": 119.9,
          "original_price": null,
          "unit_price": 239.8,
          "unit": "l",
          "package_size": "500 ml",
          "condition": null
        }
      ],
      "description": null
    },
    {
      "name": "Milka Choco Mini Stars",
      "brand": "Milka",
      "product_url": "https://wolt.com/cs/cze/prague/venue/albert-vinohradska/milka-choco-mini-stars-itemid-64ca0b7cba162577de4882a3",
      "image_url": "https://imageproxy.wolt.com/menu/menu-images/63ad795db242366d1f818f36/c9a29c66-ed43-11ef-b5f6-c65b6887141e_24191005.jpg",
      "categories": [
        "TRVANLIVÉ",
        "SLADKOSTI"
      ],
      "prices": [
        {
          "store_name": "Albert",
          "price": 62.9,
          "original_price": null,
          "unit_price": 419.33,
          "unit": "Kg",
          "package_size": "150 g",
          "condition": null
        }
      ],
      "description": null
    },
    {
      "name": "Legendario Elixir 34%",
      "brand": "Legendario",
      "product_url": "https://wolt.com/cs/cze/prague/venue/albert-vinohradska/legendario-elixir-34-itemid-64ca0b7cba162577de488c67",
      "image_url": "https://imageproxy.wolt.com/menu/menu-images/63ad795db242366d1f818f36/146cc5e6-ed44-11ef-8c7a-aaf9cf1e82a0_26942292.jpg",
      "categories": [
        "NÁPOJE",
        "LIHOVINY"
      ],
      "prices": [
        {
          "store_name": "Albert",
          "price": 629.0,
          "original_price": null,
          "unit_price": 898.57,
          "unit": "l",
          "package_size": "700 ml, 34% alc",
          "condition": "18+"
        }
      ],
      "description": null
    },
    {
      "name": "Garnier Skin Naturals Odličovač očí dvoufázový",
      "brand": "Garnier",
      "product_url": "https://wolt.com/cs/cze/prague/venue/albert-vinohradska/garnier-skin-naturals-odlicovac-oci-dvoufazovy-itemid-64ca0b7cba162577de489ca7",
      "image_url": "https://imageproxy.wolt.com/menu/menu-images/64ffec4406cca0140dfab831/01065dce-8eb2-11ee-a666-2672547c66c2_24633390.jpg",
      "categories": [
        "DROGERIE A KOSMETIKA",
        "PÉČE O PLEŤ"
      ],
      "prices": [
        {
          "store_name": "Albert",
          "price": 124.9,
          "original_price": null,
          "unit_price": 624.5,
          "unit": "l",
          "package_size": "200 ml",
          "condition": null
        }
      ],
      "description": null
    },
    {
      "name": "Albert Krůtí prsní filet",
      "brand": "Albert",
      "product_url": "https://wolt.com/cs/cze/prague/venue/albert-vinohradska/albert-kruti-prsni-filet-itemid-64ca0b7cba162577de4893cf",
      "image_url": "https://imageproxy.wolt.com/menu/menu-images/64ffec4406cca0140dfab831/2f976586-8ec9-11ee-878a-de55a5c8e569_27740729.jpg",
      "categories": [
        "UZENINY A LAHŮDKY",
        "ŠUNKY A SLANINY"
      ],
      "prices": [
        {
          "store_name": "Albert",
          "price": 49.9,
          "original_price": null,
          "unit_price": 499.0,
          "unit": "Kg",
          "package_size": "100 g",
          "condition": null
        }
      ],
      "description": null
    },
    {
      "name": "Madeta Jihočeské pomaz. česnek a cibulka",
      "brand": "Madeta",
      "product_url": "https://wolt.com/cs/cze/prague/venue/albert-vinohradska/madeta-jihoceske-pomaz-cesnek-a-cibulka-itemid-657233256818b938df947aa2",
      "image_url": "https://imageproxy.wolt.com/menu/menu-images/63ad795db242366d1f818f36/03c16284-7826-11f0-bfc1-4e04c21ff4dd_24117890.jpg",
      "categories": [
        "MLÉČNÉ A CHLAZENÉ",
        "MÁSLO A TUKY"
      ],
      "prices": [
        {
          "store_name": "Albert",
          "price": null,
          "original_price": null,
          "unit_price": 199.33,
          "unit": "Kg",
          "package_size": "150 g",
          "condition": "Sleva"
        }
      ],
      "description": null
    },
    {
      "name": "Marlenka Kuličky kakaové",
      "brand": "Marlenka",
      "product_url": "https://wolt.com/cs/cze/prague/venue/albert-vinohradska/marlenka-kulicky-kakaove-itemid-657233256818b938df948892",
      "image_url": "https://imageproxy.wolt.com/menu/menu-images/64ffec4406cca0140dfab831/bacb2488-8ecb-11ee-b7d8-e2f9e55071e5_27820506.jpg",
      "categories": [
        "PEKÁRNA A CUKRÁRNA",
        "SLADKÉ PEČIVO BALENÉ"
      ],
      "prices": [
        {
          "store_name": "Albert",
          "price": 149.9,
          "original_price": null,
          "unit_price": 637.87,
          "unit": "Kg",
          "package_size": "235 g",
          "condition": null
        }
      ],
      "description": null
    },
    {
      "name": "Vitana Skořice mletá",
      "brand": "Vitana",
      "product_url": "https://wolt.com/cs/cze/prague/venue/albert-vinohradska/vitana-skorice-mleta-itemid-64ca0b7cba162577de4890f4",
      "image_url": "https://imageproxy.wolt.com/menu/menu-images/64ffec4406cca0140dfab831/dd7cb0ac-8eba-11ee-8d3e-8e50ebf9f3ec_26685342.jpg",
      "categories": [
        "TRVANLIVÉ",
        "KOŘENÍ A OCHUCOVADLA"
      ],
      "prices": [
        {
          "store_name": "Albert",
          "price": 19.9,
          "original_price": null,
          "unit_price": 865.22,
          "unit": "Kg",
          "package_size": "23 g",
          "condition": null
        }
      ],
      "description": null
    },
    {
      "name": "Vina Mercedes Pinot Noir",
      "brand": "Vina",
      "product_url": "https://wolt.com/cs/cze/prague/venue/albert-vinohradska/vina-mercedes-pinot-noir-itemid-657233256818b938df947fd9",
      "image_url": "https://imageproxy.wolt.com/menu/menu-images/64ffec4406cca0140dfab831/83e4762e-8eba-11ee-85d5-1ec840397d06_26635743.jpg",
      "categories": [
        "NÁPOJE",
        "VÍNA"
      ],
      "prices": [
        {
          "store_name": "Albert",
          "price": 69.9,
          "original_price": null,
          "unit_price": 93.2,
          "unit": "l",
          "package_size": "750 ml, 12,5% alc",
          "condition": "18+"
        }
      ],
      "description": null
    },
    {
      "name": "Nutrend Carnitine červený pomeranč",
      "brand": "Nutrend",
      "product_url": "https://wolt.com/cs/cze/prague/venue/albert-vinohradska/nutrend-carnitine-cerveny-pomeranc-itemid-657233256818b938df9481b1",
      "image_url": "https://imageproxy.wolt.com/menu/menu-images/64ffec4406cca0140dfab831/50ec1d2c-8ec8-11ee-ae7c-3a31305f5e7c_27712993.jpg",
      "categories": [
        "TRVANLIVÉ",
        "SPECIÁLNÍ"
      ],
      "prices": [
        {
          "store_name": "Albert",
          "price": 49.9,
          "original_price": null,
          "unit_price": 66.53,
          "unit": "l",
          "package_size": "750 ml",
          "condition": "Vyprodáno"
        }
      ],
      "description": null
    },
    {
      "name": "Albert Kuřecí párky",
      "brand": "Albert",
      "product_url": "https://wolt.com/cs/cze/prague/venue/albert-vinohradska/albert-kureci-parky-itemid-64ca0b7cba162577de488567",
      "image_url": "https://imageproxy.wolt.com/menu/menu-images/64ffec4406cca0140dfab831/827dc008-8eb8-11ee-bba7-1e9e4c6f0bda_26115948.jpg",
      "categories": [
        "UZENINY A LAHŮDKY",
        "PÁRKY A KLOBÁSY"
      ],
      "prices": [
        {
          "store_name": "Albert",
          "price": null,
          "original_price": null,
          "unit_price": 94.5,
          "unit": "Kg",
          "package_size": "200 g",
          "condition": "Sleva"
        }
      ],
      "description": null
    },
    {
      "name": "Kinder Choco Fresh",
      "brand": "Kinder",
      "product_url": "https://wolt.com/cs/cze/prague/venue/albert-vinohradska/kinder-choco-fresh-itemid-64ca0b7cba162577de489a0b",
      "image_url": "https://imageproxy.wolt.com/menu/menu-images/64ffec4406cca0140dfab831/fcde50aa-8ebe-11ee-b4da-a2650c40792b_27083796.jpg",
      "categories": [
        "MLÉČNÉ A CHLAZENÉ",
        "JOGURTY A DEZERTY"
      ],
      "prices": [
        {
          "store_name": "Albert",
          "price": 81.9,
          "original_price": null,
          "unit_price": 802.94,
          "unit": "Kg",
          "package_size": "102 g",
          "condition": null
        }
      ],
      "description": null
    },
    {
      "name": "Dupetky cibule, med a hořčice",
      "brand": "Dupetky",
      "product_url": "https://wolt.com/cs/cze/prague/venue/albert-vinohradska/dupetky-cibule-med-a-horcice-itemid-657233256818b938df947adc",
      "image_url": "https://imageproxy.wolt.com/menu/menu-images/63ad795db242366d1f818f36/ad299a4a-c92e-11f0-bdec-c67e8201d3f7_27286258.jpg",
      "categories": [
        "TRVANLIVÉ",
        "SLANÉ"
      ],
      "prices": [
        {
          "store_name": "Albert",
          "price": 24.9,
          "original_price": null,
          "unit_price": 355.71,
          "unit": "Kg",
          "package_size": "70 g",
          "condition": null
        }
      ],
      "description": null
    },
    {
      "name": "Albert Gouda plátky",
      "brand": "Albert",
      "product_url": "https://wolt.com/cs/cze/prague/venue/albert-vinohradska/albert-gouda-platky-itemid-64ca0b7cba162577de488285",
      "image_url": "https://imageproxy.wolt.com/menu/menu-images/64ffec4406cca0140dfab831/02eb9a08-8ebe-11ee-ae5e-c60fee242f1d_26982779.jpg",
      "categories": [
        "MLÉČNÉ A CHLAZENÉ",
        "SÝRY"
      ],
      "prices": [
        {
          "store_name": "Albert",
          "price": 29.9,
          "original_price": null,
          "unit_price": 299.0,
          "unit": "Kg",
          "package_size": "100 g",
          "condition": null
        }
      ],
      "description": null
    },
    {
      "name": "Gustona Pizza Margherita",
      "brand": "Gustona",
      "product_url": "https://wolt.com/cs/cze/prague/venue/albert-vinohradska/gustona-pizza-margherita-itemid-6876153a0c6218e9f3e5f4a0",
      "image_url": "https://imageproxy.wolt.com/menu/menu-images/64b62ec5e5ab70cdc92e30f0/3cac059a-616f-11f0-9812-86deaa4cd70e_27861998.jpg",
      "categories": [
        "MRAŽENÉ POTRAVINY",
        "MRAŽENÁ PIZZA A HOTOVÁ JÍDLA"
      ],
      "prices": [
        {
          "store_name": "Albert",
          "price": 49.9,
          "original_price": null,
          "unit_price": 166.33,
          "unit": "Kg",
          "package_size": "300 g",
          "condition": null
        }
      ],
      "description": null
    },
    {
      "name": "Albert Korbáčik přírodní",
      "brand": "Albert",
      "product_url": "https://wolt.com/cs/cze/prague/venue/albert-vinohradska/albert-korbacik-prirodni-itemid-64ca0b7cba162577de488327",
      "image_url": "https://imageproxy.wolt.com/menu/menu-images/64ffec4406cca0140dfab831/395697e8-8eb2-11ee-a74c-7a99d2fb2f9f_24683067.jpg",
      "categories": [
        "MLÉČNÉ A CHLAZENÉ",
        "SÝRY"
      ],
      "prices": [
        {
          "store_name": "Albert",
          "price": 25.9,
          "original_price": null,
          "unit_price": 518.0,
          "unit": "Kg",
          "package_size": "50 g",
          "condition": null
        }
      ],
      "description": null
    },
    {
      "name": "Manner Oplatky Neapolitaner",
      "brand": "Manner",
      "product_url": "https://wolt.com/cs/cze/prague/venue/albert-vinohradska/manner-oplatky-neapolitaner-itemid-64ca0b7cba162577de48970c",
      "image_url": "https://imageproxy.wolt.com/menu/menu-images/64ffec4406cca0140dfab831/a49ea9d8-8eac-11ee-b431-ca969f421442_20317119.jpg",
      "categories": [
        "TRVANLIVÉ",
        "SLADKOSTI"
      ],
      "prices": [
        {
          "store_name": "Albert",
          "price": 89.9,
          "original_price": null,
          "unit_price": 224.75,
          "unit": "Kg",
          "package_size": "400 g",
          "condition": null
        }
      ],
      "description": null
    },
    {
      "name": "Albert Borůvky vanička",
      "brand": "Albert",
      "product_url": "https://wolt.com/cs/cze/prague/venue/albert-vinohradska/albert-boruvky-vanicka-itemid-64ca0b7cba162577de48844d",
      "image_url": "https://imageproxy.wolt.com/menu/menu-images/63ad795db242366d1f818f36/b4bd15f4-d995-11ef-a483-9abaa44f3942_24765343.jpg",
      "categories": [
        "OVOCE A ZELENINA",
        "OVOCE"
      ],
      "prices": [
        {
          "store_name": "Albert",
          "price": 39.9,
          "original_price": null,
          "unit_price": 319.2,
          "unit": "Kg",
          "package_size": "125 g",
          "condition": null
        }
      ],
      "description": null
    },
    {
      "name": "Elegance Merlot",
      "brand": "Elegance",
      "product_url": "https://wolt.com/cs/cze/prague/venue/albert-vinohradska/elegance-merlot-itemid-64ca0b7cba162577de4899df",
      "image_url": "https://imageproxy.wolt.com/menu/menu-images/64ffec4406cca0140dfab831/4046e54e-8eb7-11ee-abc8-b287692f5450_25922844.jpg",
      "categories": [
        "NÁPOJE",
        "VÍNA"
      ],
      "prices": [
        {
          "store_name": "Albert",
          "price": null,
          "original_price": null,
          "unit_price": 99.87,
          "unit": "l",
          "package_size": "750 ml, 13,5% alc",
          "condition": "Sleva, 18+"
        }
      ],
      "description": null
    },
    {
      "name": "Captain Morgan Dark Rum 40%",
      "brand": "Captain Morgan",
      "product_url": "https://wolt.com/cs/cze/prague/venue/albert-vinohradska/captain-morgan-dark-rum-40-itemid-64ca0b7cba162577de489ea9",
      "image_url": "https://imageproxy.wolt.com/menu/menu-images/64ffec4406cca0140dfab831/38eddd8e-8ead-11ee-a7dc-a2125de7b4cb_20701413.jpg",
      "categories": [
        "NÁPOJE",
        "LIHOVINY"
      ],
      "prices": [
        {
          "store_name": "Albert",
          "price": 489.0,
          "original_price": null,
          "unit_price": 698.57,
          "unit": "l",
          "package_size": "700 ml, 40% alc",
          "condition": "18+"
        }
      ],
      "description": null
    },
    {
      "name": "Sunar Complex 5 dětské mléko",
      "brand": "Sunar",
      "product_url": "https://wolt.com/cs/cze/prague/venue/albert-vinohradska/sunar-complex-5-detske-mleko-itemid-64ca0b7cba162577de488ed9",
      "image_url": "https://imageproxy.wolt.com/menu/menu-images/63ad795db242366d1f818f36/310d9a58-d671-11ee-b9a4-56003ea8acc5_26515458.jpg",
      "categories": [
        "DÍTĚ",
        "VÝŽIVA"
      ],
      "prices": [
        {
          "store_name": "Albert",
          "price": 229.0,
          "original_price": null,
          "unit_price": 381.67,
          "unit": "Kg",
          "package_size": "600 g",
          "condition": null
        }
      ],
      "description": null
    },
    {
      "name": "Madeta Jihočeské Máslo 82%",
      "brand": "Madeta",
      "product_url": "https://wolt.com/cs/cze/prague/venue/albert-vinohradska/madeta-jihoceske-maslo-82-itemid-64ca0b7cba162577de488fd7",
      "image_url": "https://imageproxy.wolt.com/menu/menu-images/63ad795db242366d1f818f36/26b811fc-0608-11ef-9f98-ae2be28bebd7_20297480.jpg",
      "categories": [
        "MLÉČNÉ A CHLAZENÉ",
        "MÁSLO A TUKY"
      ],
      "prices": [
        {
          "store_name": "Albert",
          "price": 35.9,
          "original_price": null,
          "unit_price": 287.2,
          "unit": "Kg",
          "package_size": "125 g",
          "condition": null
        }
      ],
      "description": null
    },
    {
      "name": "Garnier Fructis šampon Pure Fresh",
      "brand": "Garnier",
      "product_url": "https://wolt.com/cs/cze/prague/venue/albert-vinohradska/garnier-fructis-sampon-pure-fresh-itemid-64ca0b7cba162577de488e69",
      "image_url": "https://imageproxy.wolt.com/menu/menu-images/63ad795db242366d1f818f36/6d98db82-bbe4-11ef-8547-a67074120a55_25880083.jpg",
      "categories": [
        "DROGERIE A KOSMETIKA",
        "PÉČE O VLASY"
      ],
      "prices": [
        {
          "store_name": "Albert",
          "price": 99.9,
          "original_price": null,
          "unit_price": 249.75,
          "unit": "l",
          "package_size": "400 ml",
          "condition": "Vyprodáno"
        }
      ],
      "description": null
    },
    {
      "name": "Flora Linie",
      "brand": "Flora",
      "product_url": "https://wolt.com/cs/cze/prague/venue/albert-vinohradska/flora-linie-itemid-64ca0b7cba162577de489b1e",
      "image_url": "https://imageproxy.wolt.com/menu/menu-images/64ffec4406cca0140dfab831/de0f24ec-8eaf-11ee-b107-eadf6ce36c9d_23562967.jpg",
      "categories": [
        "MLÉČNÉ A CHLAZENÉ",
        "MÁSLO A TUKY"
      ],
      "prices": [
        {
          "store_name": "Albert",
          "price": 79.9,
          "original_price": null,
          "unit_price": 199.75,
          "unit": "Kg",
          "package_size": "400 g",
          "condition": null
        }
      ],
      "description": null
    },
    {
      "name": "Nature's Promise Kids Bio Hruškové sušenky",
      "brand": "Nature's Promise",
      "product_url": "https://wolt.com/cs/cze/prague/venue/albert-vinohradska/nature-s-promise-kids-bio-hruskove-susenky-itemid-681b5abffcbd67bf7a8f4a1c",
      "image_url": "https://imageproxy.wolt.com/menu/menu-images/63ad795db242366d1f818f36/8402b0ea-97c2-11f0-b81a-e6d742c1bb43_27966709.jpg",
      "categories": [
        "DÍTĚ",
        "VÝŽIVA"
      ],
      "prices": [
        {
          "store_name": "Albert",
          "price": null,
          "original_price": null,
          "unit_price": 359.0,
          "unit": "Kg",
          "package_size": "100 g",
          "condition": "Sleva"
        }
      ],
      "description": null
    },
    {
      "name": "Bzenecký ocet Balsamico di Modena",
      "brand": "Bzenecký",
      "product_url": "https://wolt.com/cs/cze/prague/venue/albert-vinohradska/bzenecky-ocet-balsamico-di-modena-itemid-64ca0b7cba162577de4897e2",
      "image_url": "https://imageproxy.wolt.com/menu/menu-images/64ffec4406cca0140dfab831/5ca6138e-8eb4-11ee-a79d-7a4dcb26504b_25305173.jpg",
      "categories": [
        "TRVANLIVÉ",
        "OLEJE A OCTY"
      ],
      "prices": [
        {
          "store_name": "Albert",
          "price": 98.9,
          "original_price": null,
          "unit_price": 197.8,
          "unit": "l",
          "package_size": "500 ml, 0,5% alc",
          "condition": "Věkové omezení"
        }
      ],
      "description": null
    },
    {
      "name": "Albert Tvaroh tučný",
      "brand": "Albert",
      "product_url": "https://wolt.com/cs/cze/prague/venue/albert-vinohradska/albert-tvaroh-tucny-itemid-64ca0b7cba162577de4882a7",
      "image_url": "https://imageproxy.wolt.com/menu/menu-images/64ffec4406cca0140dfab831/9cf2673c-8eb2-11ee-b918-e6fbf8d3c3b0_24840576.jpg",
      "categories": [
        "MLÉČNÉ A CHLAZENÉ",
        "TVAROHY"
      ],
      "prices": [
        {
          "store_name": "Albert",
          "price": 24.9,
          "original_price": null,
          "unit_price": 99.6,
          "unit": "Kg",
          "package_size": "250 g",
          "condition": null
        }
      ],
      "description": null
    },
    {
      "name": "Nature's Promise Čekankové slazení",
      "brand": "Nature's Promise",
      "product_url": "https://wolt.com/cs/cze/prague/venue/albert-vinohradska/nature-s-promise-cekankove-slazeni-itemid-651c859f4336abf38fbfd2e8",
      "image_url": "https://imageproxy.wolt.com/menu/menu-images/64ffec4406cca0140dfab831/2c9486dc-8ecb-11ee-bd14-aef58f05e2b1_27796757.jpg",
      "categories": [
        "TRVANLIVÉ",
        "SPECIÁLNÍ"
      ],
      "prices": [
        {
          "store_name": "Albert",
          "price": null,
          "original_price": null,
          "unit_price": 319.6,
          "unit": "l",
          "package_size": "250 ml",
          "condition": "Sleva"
        }
      ],
      "description": null
    },
    {
      "name": "Starbucks by Nespresso Origin Colombia kapsle",
      "brand": "Starbucks",
      "product_url": "https://wolt.com/cs/cze/prague/venue/albert-vinohradska/starbucks-by-nespresso-origin-colombia-kapsle-itemid-64ca0b7cba162577de48a529",
      "image_url": "https://imageproxy.wolt.com/menu/menu-images/64ffec4406cca0140dfab831/5e4dda66-8ec1-11ee-932b-3a9a41c1cb36_27244760.jpg",
      "categories": [
        "NÁPOJE",
        "KÁVA A ČAJ"
      ],
      "prices": [
        {
          "store_name": "Albert",
          "price": 119.9,
          "original_price": null,
          "unit_price": 11.99,
          "unit": "ks",
          "package_size": "‪10‬ kusů",
          "condition": null
        }
      ],
      "description": null
    },
    {
      "name": "Avelopa Bramborové noky",
      "brand": "Avelopa",
      "product_url": "https://wolt.com/cs/cze/prague/venue/albert-vinohradska/avelopa-bramborove-noky-itemid-64ca0b7cba162577de489499",
      "image_url": "https://imageproxy.wolt.com/menu/menu-images/64ffec4406cca0140dfab831/6338a126-8eb4-11ee-a7a8-ca3c3355ab39_25306538.jpg",
      "categories": [
        "TRVANLIVÉ",
        "TĚSTOVINY A KUSKUS"
      ],
      "prices": [
        {
          "store_name": "Albert",
          "price": 42.9,
          "original_price": null,
          "unit_price": 85.8,
          "unit": "Kg",
          "package_size": "500 g",
          "condition": null
        }
      ],
      "description": null
    },
    {
      "name": "Gouda mladá 48 % plátky",
      "brand": "Gouda",
      "product_url": "https://wolt.com/cs/cze/prague/venue/albert-vinohradska/gouda-mlada-48-platky-itemid-64ca0b7cba162577de489b5f",
      "image_url": "https://imageproxy.wolt.com/menu/menu-images/64ffec4406cca0140dfab831/c9888010-8eb7-11ee-b951-76d8d681f910_26058702.jpg",
      "categories": [
        "MLÉČNÉ A CHLAZENÉ",
        "SÝRY"
      ],
      "prices": [
        {
          "store_name": "Albert",
          "price": 124.9,
          "original_price": null,
          "unit_price": 312.25,
          "unit": "Kg",
          "package_size": "400 g",
          "condition": null
        }
      ],
      "description": null
    },
    {
      "name": "Hamé Moravanka pikantní steril. zelenina",
      "brand": "Hamé",
      "product_url": "https://wolt.com/cs/cze/prague/venue/albert-vinohradska/hame-moravanka-pikantni-steril-zelenina-itemid-657233256818b938df947cb7",
      "image_url": "https://imageproxy.wolt.com/menu/menu-images/64ffec4406cca0140dfab831/fb52d4ba-8ead-11ee-b24c-1af7753b7a63_21505195.jpg",
      "categories": [
        "TRVANLIVÉ",
        "KONZERVOVANÉ POTR."
      ],
      "prices": [
        {
          "store_name": "Albert",
          "price": 47.9,
          "original_price": null,
          "unit_price": 273.71,
          "unit": "Kg",
          "package_size": "175 g",
          "condition": null
        }
      ],
      "description": null
    },
    {
      "name": "Purina DentaLife Pro střední plemena psů",
      "brand": "Purina",
      "product_url": "https://wolt.com/cs/cze/prague/venue/albert-vinohradska/purina-dentalife-pro-stredni-plemena-psu-itemid-64ca0b7cba162577de489f8b",
      "image_url": "https://imageproxy.wolt.com/menu/menu-images/64ffec4406cca0140dfab831/e8196614-8ebe-11ee-a0c7-92f467c0c86c_27078075.jpg",
      "categories": [
        "ZVÍŘATA",
        "PSI"
      ],
      "prices": [
        {
          "store_name": "Albert",
          "price": 54.9,
          "original_price": null,
          "unit_price": 477.39,
          "unit": "Kg",
          "package_size": "115 g",
          "condition": null
        }
      ],
      "description": null
    },
    {
      "name": "Nature's Promise Bio Tyčinky natur bez lepku",
      "brand": "Nature's Promise",
      "product_url": "https://wolt.com/cs/cze/prague/venue/albert-vinohradska/nature-s-promise-bio-tycinky-natur-bez-lepku-itemid-64ca0b7cba162577de4897ee",
      "image_url": "https://imageproxy.wolt.com/menu/menu-images/64ffec4406cca0140dfab831/7d9f3576-8ec2-11ee-a8f9-46b0bb5ce808_27300466.jpg",
      "categories": [
        "TRVANLIVÉ",
        "SLANÉ"
      ],
      "prices": [
        {
          "store_name": "Albert",
          "price": null,
          "original_price": null,
          "unit_price": 508.89,
          "unit": "Kg",
          "package_size": "45 g",
          "condition": "Sleva"
        }
      ],
      "description": null
    },
    {
      "name": "Medovník originál",
      "brand": "Medovník",
      "product_url": "https://wolt.com/cs/cze/prague/venue/albert-vinohradska/medovnik-original-itemid-657233256818b938df947c82",
      "image_url": "https://imageproxy.wolt.com/menu/menu-images/63ad795db242366d1f818f36/4ed1fc2e-c471-11f0-a8d3-fef2875c6a20_26036236.jpg",
      "categories": [
        "PEKÁRNA A CUKRÁRNA",
        "SLADKÉ PEČIVO BALENÉ"
      ],
      "prices": [
        {
          "store_name": "Albert",
          "price": null,
          "original_price": null,
          "unit_price": 210.59,
          "unit": "Kg",
          "package_size": "850 g",
          "condition": "Sleva"
        }
      ],
      "description": null
    },
    {
      "name": "Monster Juiced Monarch",
      "brand": "Monster",
      "product_url": "https://wolt.com/cs/cze/prague/venue/albert-vinohradska/monster-juiced-monarch-itemid-64ca0b7cba162577de48a530",
      "image_url": "https://imageproxy.wolt.com/menu/menu-images/64ffec4406cca0140dfab831/00c6907c-8ec6-11ee-9587-222205837f4e_27596326.jpg",
      "categories": [
        "NÁPOJE",
        "ENERGY NÁPOJE"
      ],
      "prices": [
        {
          "store_name": "Albert",
          "price": 29.9,
          "original_price": null,
          "unit_price": 59.8,
          "unit": "l",
          "package_size": "500 ml",
          "condition": null
        }
      ],
      "description": null
    },
    {
      "name": "Linteo Toaletní papír vlhčený, dubová kůra",
      "brand": "Linteo",
      "product_url": "https://wolt.com/cs/cze/prague/venue/albert-vinohradska/linteo-toaletni-papir-vlhceny-dubova-kura-itemid-64ca0b7cba162577de488d4d",
      "image_url": "https://imageproxy.wolt.com/menu/menu-images/64ffec4406cca0140dfab831/feeabb50-8eb8-11ee-8534-4ac825cfc539_26350561.jpg",
      "categories": [
        "DROGERIE A KOSMETIKA",
        "PAPÍROVÁ HYGIENA"
      ],
      "prices": [
        {
          "store_name": "Albert",
          "price": 39.9,
          "original_price": null,
          "unit_price": 0.67,
          "unit": "ks",
          "package_size": "‪60‬ kusů",
          "condition": null
        }
      ],
      "description": null
    },
    {
      "name": "Gustona Džem malina",
      "brand": "Gustona",
      "product_url": "https://wolt.com/cs/cze/prague/venue/albert-vinohradska/gustona-dzem-malina-itemid-681b5abffcbd67bf7a8f4ad4",
      "image_url": "https://imageproxy.wolt.com/menu/menu-images/63ad795db242366d1f818f36/0add6f08-2b47-11f0-bd37-1afee6fc7728_25152401.jpg",
      "categories": [
        "TRVANLIVÉ",
        "KONZERVOVANÉ POTR."
      ],
      "prices": [
        {
          "store_name": "Albert",
          "price": 49.9,
          "original_price": null,
          "unit_price": 110.89,
          "unit": "Kg",
          "package_size": "450 g",
          "condition": null
        }
      ],
      "description": null
    },
    {
      "name": "Dr. Oetker Fondán bílý",
      "brand": "Dr. Oetker",
      "product_url": "https://wolt.com/cs/cze/prague/venue/albert-vinohradska/dr-oetker-fondan-bily-itemid-64ca0b7cba162577de48a2cd",
      "image_url": "https://imageproxy.wolt.com/menu/menu-images/63ad795db242366d1f818f36/0c3853ba-a8ea-11f0-9910-e6e3b42dbed9_25776102.jpg",
      "categories": [
        "TRVANLIVÉ",
        "PEČENÍ A VAŘENÍ"
      ],
      "prices": [
        {
          "store_name": "Albert",
          "price": 79.9,
          "original_price": null,
          "unit_price": 399.5,
          "unit": "Kg",
          "package_size": "200 g",
          "condition": null
        }
      ],
      "description": null
    },
    {
      "name": "Kubík Ovocná kapsička banán a jablko",
      "brand": "Kubík",
      "product_url": "https://wolt.com/cs/cze/prague/venue/albert-vinohradska/kubik-ovocna-kapsicka-banan-a-jablko-itemid-64ca0b7cba162577de4894d3",
      "image_url": "https://imageproxy.wolt.com/menu/menu-images/64ffec4406cca0140dfab831/ee06bda4-8eb6-11ee-9d8f-faf7ab9749a2_25862737.jpg",
      "categories": [
        "DÍTĚ",
        "VÝŽIVA"
      ],
      "prices": [
        {
          "store_name": "Albert",
          "price": 9.9,
          "original_price": null,
          "unit_price": 99.0,
          "unit": "Kg",
          "package_size": "100 g",
          "condition": null
        }
      ],
      "description": null
    },
    {
      "name": "Fino Papír pečicí archy",
      "brand": "Fino",
      "product_url": "https://wolt.com/cs/cze/prague/venue/albert-vinohradska/fino-papir-pecici-archy-itemid-64ca0b7cba162577de48969c",
      "image_url": "https://imageproxy.wolt.com/menu/menu-images/64ffec4406cca0140dfab831/a837a9f8-8ebd-11ee-b12d-6a11ca682d5f_26957357.jpg",
      "categories": [
        "DOMÁCNOST A ZAHRADA",
        "KUCHYŇSKÉ POTŘEBY"
      ],
      "prices": [
        {
          "store_name": "Albert",
          "price": 49.9,
          "original_price": null,
          "unit_price": 3.12,
          "unit": "ks",
          "package_size": "‪16‬ kusů",
          "condition": null
        }
      ],
      "description": null
    },
    {
      "name": "Druid Veganská pomazánka s hlívou ústřičnou",
      "brand": "Druid",
      "product_url": "https://wolt.com/cs/cze/prague/venue/albert-vinohradska/druid-veganska-pomazanka-s-hlivou-ustricnou-itemid-657233256818b938df9485e5",
      "image_url": "https://imageproxy.wolt.com/menu/menu-images/64ffec4406cca0140dfab831/ccd78dc4-8ebc-11ee-b913-c60fee242f1d_26874937.jpg",
      "categories": [
        "UZENINY A LAHŮDKY",
        "LAHŮDKY"
      ],
      "prices": [
        {
          "store_name": "Albert",
          "price": 36.9,
          "original_price": null,
          "unit_price": 369.0,
          "unit": "Kg",
          "package_size": "100 g",
          "condition": null
        }
      ],
      "description": null
    },
    {
      "name": "Vitana Koprová omáčka",
      "brand": "Vitana",
      "product_url": "https://wolt.com/cs/cze/prague/venue/albert-vinohradska/vitana-koprova-omacka-itemid-6601ed02eacb952aefa4ba36",
      "image_url": "https://imageproxy.wolt.com/menu/menu-images/6601c613e48d1c8d95333085/29d903be-eae2-11ee-ac0a-0af811d5ce2c_21401282.jpg",
      "categories": [
        "TRVANLIVÉ",
        "KOŘENÍ A OCHUCOVADLA"
      ],
      "prices": [
        {
          "store_name": "Albert",
          "price": 34.9,
          "original_price": null,
          "unit_price": 420.48,
          "unit": "Kg",
          "package_size": "83 g",
          "condition": null
        }
      ],
      "description": null
    },
    {
      "name": "Schär Maestro Vital Chléb, bez lepku",
      "brand": "Schär",
      "product_url": "https://wolt.com/cs/cze/prague/venue/albert-vinohradska/schar-maestro-vital-chleb-bez-lepku-itemid-681b5abffcbd67bf7a8f4a78",
      "image_url": "https://imageproxy.wolt.com/menu/menu-images/63ad795db242366d1f818f36/8f7b88bc-2b47-11f0-956c-3e216c768122_27921548.jpg",
      "categories": [
        "PEKÁRNA A CUKRÁRNA",
        "BEZLEPKOVÉ PEČIVO"
      ],
      "prices": [
        {
          "store_name": "Albert",
          "price": null,
          "original_price": null,
          "unit_price": 228.29,
          "unit": "Kg",
          "package_size": "350 g",
          "condition": "Sleva"
        }
      ],
      "description": null
    },
    {
      "name": "Müller Riso Mléčná rýže se skořicovou příchutí",
      "brand": "Müller",
      "product_url": "https://wolt.com/cs/cze/prague/venue/albert-vinohradska/muller-riso-mlecna-ryze-se-skoricovou-prichuti-itemid-64ca0b7cba162577de489a3b",
      "image_url": "https://imageproxy.wolt.com/menu/menu-images/64ffec4406cca0140dfab831/a6a48a56-8ebe-11ee-8e1e-a28724a7b713_27039403.jpg",
      "categories": [
        "MLÉČNÉ A CHLAZENÉ",
        "JOGURTY A DEZERTY"
      ],
      "prices": [
        {
          "store_name": "Albert",
          "price": 24.9,
          "original_price": null,
          "unit_price": 124.5,
          "unit": "Kg",
          "package_size": "200 g",
          "condition": null
        }
      ],
      "description": null
    },
    {
      "name": "Starbucks by Nespresso Espresso Roast kapsle",
      "brand": "Starbucks",
      "product_url": "https://wolt.com/cs/cze/prague/venue/albert-vinohradska/starbucks-by-nespresso-espresso-roast-kapsle-itemid-64ca0b7cba162577de48a4c9",
      "image_url": "https://imageproxy.wolt.com/menu/menu-images/64ffec4406cca0140dfab831/5e4e9e6a-8ec1-11ee-aa13-a2846f3734b2_27244777.jpg",
      "categories": [
        "NÁPOJE",
        "KÁVA A ČAJ"
      ],
      "prices": [
        {
          "store_name": "Albert",
          "price": 119.9,
          "original_price": null,
          "unit_price": 11.99,
          "unit": "ks",
          "package_size": "‪10‬ kusů",
          "condition": null
        }
      ],
      "description": null
    },
    {
      "name": "Nestlé Lion tyčinka",
      "brand": "Nestlé",
      "product_url": "https://wolt.com/cs/cze/prague/venue/albert-vinohradska/nestle-lion-tycinka-itemid-6601e058cfe87b2d02d48d4f",
      "image_url": "https://imageproxy.wolt.com/menu/menu-images/63ad795db242366d1f818f36/26ed69b0-0608-11ef-882c-e6c06b59be76_20315962.jpg",
      "categories": [
        "TRVANLIVÉ",
        "SLADKOSTI"
      ],
      "prices": [
        {
          "store_name": "Albert",
          "price": 14.9,
          "original_price": null,
          "unit_price": 354.76,
          "unit": "Kg",
          "package_size": "42 g",
          "condition": null
        }
      ],
      "description": null
    },
    {
      "name": "Bitters Shirataki Tagliatelle",
      "brand": "Bitters",
      "product_url": "https://wolt.com/cs/cze/prague/venue/albert-vinohradska/bitters-shirataki-tagliatelle-itemid-64ca0b7cba162577de489aad",
      "image_url": "https://imageproxy.wolt.com/menu/menu-images/64ffec4406cca0140dfab831/46a36fe6-8ec8-11ee-b655-bed63d7a3e3f_27712054.jpg",
      "categories": [
        "TRVANLIVÉ",
        "PEČENÍ A VAŘENÍ"
      ],
      "prices": [
        {
          "store_name": "Albert",
          "price": 68.9,
          "original_price": null,
          "unit_price": 344.5,
          "unit": "Kg",
          "package_size": "200 g",
          "condition": null
        }
      ],
      "description": null
    },
    {
      "name": "Perla Origins Kenya zrnková káva",
      "brand": "Perla",
      "product_url": "https://wolt.com/cs/cze/prague/venue/albert-vinohradska/perla-origins-kenya-zrnkova-kava-itemid-64ca0b7cba162577de489ae2",
      "image_url": "https://imageproxy.wolt.com/menu/menu-images/63ad795db242366d1f818f36/65289000-4e4d-11ef-a776-8a0ff6c4b63c_27257333.jpg",
      "categories": [
        "NÁPOJE",
        "KÁVA A ČAJ"
      ],
      "prices": [
        {
          "store_name": "Albert",
          "price": 279.0,
          "original_price": null,
          "unit_price": 558.0,
          "unit": "Kg",
          "package_size": "500 g",
          "condition": null
        }
      ],
      "description": null
    },
    {
      "name": "Česká chuť Šunka dušená standard",
      "brand": "Česká chuť",
      "product_url": "https://wolt.com/cs/cze/prague/venue/albert-vinohradska/ceska-chut-sunka-dusena-standard-itemid-64ca0b7cba162577de488375",
      "image_url": "https://imageproxy.wolt.com/menu/menu-images/64ffec4406cca0140dfab831/ab1b0876-8342-11ee-b1c9-02fef3291160_26863078.jpg",
      "categories": [
        "UZENINY A LAHŮDKY",
        "ŠUNKY A SLANINY"
      ],
      "prices": [
        {
          "store_name": "Albert",
          "price": 29.9,
          "original_price": null,
          "unit_price": 299.0,
          "unit": "Kg",
          "package_size": "100 g",
          "condition": null
        }
      ],
      "description": null
    },
    {
      "name": "Mistrovský koláč s povidly",
      "brand": "Mistrovský",
      "product_url": "https://wolt.com/cs/cze/prague/venue/albert-vinohradska/mistrovsky-kolac-s-povidly-itemid-681b5abffcbd67bf7a8f4b5e",
      "image_url": "https://imageproxy.wolt.com/menu/menu-images/63ad795db242366d1f818f36/008ef232-7828-11f0-8da6-d6d360f8e088_27985458.jpg",
      "categories": [
        "PEKÁRNA A CUKRÁRNA",
        "SLADKÉ PEČIVO VOLNÉ"
      ],
      "prices": [
        {
          "store_name": "Albert",
          "price": null,
          "original_price": null,
          "unit_price": 186.25,
          "unit": "Kg",
          "package_size": "80 g",
          "condition": "Sleva, Vyprodáno"
        }
      ],
      "description": null
    },
    {
      "name": "Nature's Promise Bio Baby Pyré jablko-banán-hruška",
      "brand": "Nature's Promise",
      "product_url": "https://wolt.com/cs/cze/prague/venue/albert-vinohradska/nature-s-promise-bio-baby-pyre-jablko-banan-hruska-itemid-657233256818b938df9488b4",
      "image_url": "https://imageproxy.wolt.com/menu/menu-images/64ffec4406cca0140dfab831/4027d418-8ec8-11ee-8f47-5e4be69f0c6c_27711668.jpg",
      "categories": [
        "DÍTĚ",
        "VÝŽIVA"
      ],
      "prices": [
        {
          "store_name": "Albert",
          "price": 13.5,
          "original_price": null,
          "unit_price": 150.0,
          "unit": "Kg",
          "package_size": "90 g",
          "condition": null
        }
      ],
      "description": null
    },
    {
      "name": "Rekord Krůtí maso ve vlastní šťávě",
      "brand": "Rekord",
      "product_url": "https://wolt.com/cs/cze/prague/venue/albert-vinohradska/rekord-kruti-maso-ve-vlastni-stave-itemid-657233256818b938df947cbf",
      "image_url": "https://imageproxy.wolt.com/menu/menu-images/64ffec4406cca0140dfab831/84df5116-8ebf-11ee-adb8-9ec5d8563a7d_27123102.jpg",
      "categories": [
        "TRVANLIVÉ",
        "KONZERVOVANÉ POTR."
      ],
      "prices": [
        {
          "store_name": "Albert",
          "price": 49.9,
          "original_price": null,
          "unit_price": 166.33,
          "unit": "Kg",
          "package_size": "300 g",
          "condition": null
        }
      ],
      "description": null
    },
    {
      "name": "Nivea Fresh Natural Deodorant sprej",
      "brand": "Nivea",
      "product_url": "https://wolt.com/cs/cze/prague/venue/albert-vinohradska/nivea-fresh-natural-deodorant-sprej-itemid-64ca0b7cba162577de488e2d",
      "image_url": "https://imageproxy.wolt.com/menu/menu-images/64ffec4406cca0140dfab831/895eb960-8eac-11ee-b2cc-ca775a3f94cd_20312473.jpg",
      "categories": [
        "DROGERIE A KOSMETIKA",
        "DEODORANTY"
      ],
      "prices": [
        {
          "store_name": "Albert",
          "price": 89.9,
          "original_price": null,
          "unit_price": 599.33,
          "unit": "l",
          "package_size": "150 ml",
          "condition": null
        }
      ],
      "description": null
    },
    {
      "name": "Rosické těstoviny Špagety",
      "brand": "Rosické",
      "product_url": "https://wolt.com/cs/cze/prague/venue/albert-vinohradska/rosicke-testoviny-spagety-itemid-64ca0b7cba162577de488147",
      "image_url": "https://imageproxy.wolt.com/menu/menu-images/63ad795db242366d1f818f36/dde086cc-25b3-11f0-909b-2a51b31045ac_20296407.jpg",
      "categories": [
        "TRVANLIVÉ",
        "TĚSTOVINY A KUSKUS"
      ],
      "prices": [
        {
          "store_name": "Albert",
          "price": 32.9,
          "original_price": null,
          "unit_price": 65.8,
          "unit": "Kg",
          "package_size": "500 g",
          "condition": null
        }
      ],
      "description": null
    },
    {
      "name": "Albert Cibule kuchyňská žlutá, síť",
      "brand": "Albert",
      "product_url": "https://wolt.com/cs/cze/prague/venue/albert-vinohradska/albert-cibule-kuchynska-zluta-sit-itemid-64ca0b7cba162577de488707",
      "image_url": "https://imageproxy.wolt.com/menu/menu-images/64ffec4406cca0140dfab831/0389885a-8ead-11ee-81d7-f2309c23f2b6_20446512.jpg",
      "categories": [
        "OVOCE A ZELENINA",
        "ZELENINA"
      ],
      "prices": [
        {
          "store_name": "Albert",
          "price": 19.9,
          "original_price": null,
          "unit_price": 19.9,
          "unit": "Kg",
          "package_size": "1 kg",
          "condition": null
        }
      ],
      "description": null
    },
    {
      "name": "Zott Protein Drink příchuť kakao",
      "brand": "Zott",
      "product_url": "https://wolt.com/cs/cze/prague/venue/albert-vinohradska/zott-protein-drink-prichut-kakao-itemid-681b5abffcbd67bf7a8f4b63",
      "image_url": "https://imageproxy.wolt.com/menu/menu-images/63ad795db242366d1f818f36/5a4b1608-2b47-11f0-abaf-1e4f01b2dfc5_27796528.jpg",
      "categories": [
        "MLÉČNÉ A CHLAZENÉ",
        "MLÉČNÉ NÁPOJE"
      ],
      "prices": [
        {
          "store_name": "Albert",
          "price": 31.9,
          "original_price": null,
          "unit_price": 127.6,
          "unit": "l",
          "package_size": "250 ml",
          "condition": null
        }
      ],
      "description": null
    },
    {
      "name": "Lindt Excellence Čokoláda hořká 85%",
      "brand": "Lindt",
      "product_url": "https://wolt.com/cs/cze/prague/venue/albert-vinohradska/lindt-excellence-cokolada-horka-85-itemid-64ca0b7cba162577de4887d9",
      "image_url": "https://imageproxy.wolt.com/menu/menu-images/64ffec4406cca0140dfab831/7a290f24-8eaf-11ee-aa3a-1a0ff625fca8_23330177.jpg",
      "categories": [
        "TRVANLIVÉ",
        "SLADKOSTI"
      ],
      "prices": [
        {
          "store_name": "Albert",
          "price": 89.9,
          "original_price": null,
          "unit_price": 899.0,
          "unit": "Kg",
          "package_size": "100 g",
          "condition": null
        }
      ],
      "description": null
    },
    {
      "name": "Mlékárna Kunín Acidofilní mléko",
      "brand": "Mlékárna Kunín",
      "product_url": "https://wolt.com/cs/cze/prague/venue/albert-vinohradska/mlekarna-kunin-acidofilni-mleko-itemid-64ca0b7cba162577de489839",
      "image_url": "https://imageproxy.wolt.com/menu/menu-images/64ffec4406cca0140dfab831/54c79014-8ebb-11ee-82eb-024d5631d362_26766515.jpg",
      "categories": [
        "MLÉČNÉ A CHLAZENÉ",
        "MLÉČNÉ NÁPOJE"
      ],
      "prices": [
        {
          "store_name": "Albert",
          "price": 23.9,
          "original_price": null,
          "unit_price": 53.11,
          "unit": "Kg",
          "package_size": "450 g",
          "condition": null
        }
      ],
      "description": null
    },
    {
      "name": "Kingson Ledový čaj zelený citron",
      "brand": "Kingson",
      "product_url": "https://wolt.com/cs/cze/prague/venue/albert-vinohradska/kingson-ledovy-caj-zeleny-citron-itemid-64ca0b7cba162577de4881d9",
      "image_url": "https://imageproxy.wolt.com/menu/menu-images/63ad795db242366d1f818f36/d63a5530-7827-11f0-86ff-92b75d278206_27184066.jpg",
      "categories": [
        "NÁPOJE",
        "LIMONÁDY"
      ],
      "prices": [
        {
          "store_name": "Albert",
          "price": 19.9,
          "original_price": null,
          "unit_price": 13.27,
          "unit": "l",
          "package_size": "1,5 l",
          "condition": null
        }
      ],
      "description": null
    },
    {
      "name": "Albert Jogurt borůvka",
      "brand": "Albert",
      "product_url": "https://wolt.com/cs/cze/prague/venue/albert-vinohradska/albert-jogurt-boruvka-itemid-64ca0b7cba162577de48843b",
      "image_url": "https://imageproxy.wolt.com/menu/menu-images/64ffec4406cca0140dfab831/4ccc516a-8eb6-11ee-b825-e2efa80c37b6_25734461.jpg",
      "categories": [
        "MLÉČNÉ A CHLAZENÉ",
        "JOGURTY A DEZERTY"
      ],
      "prices": [
        {
          "store_name": "Albert",
          "price": 11.9,
          "original_price": null,
          "unit_price": 79.33,
          "unit": "Kg",
          "package_size": "150 g",
          "condition": null
        }
      ],
      "description": null
    },
    {
      "name": "Nowaco Gouda obalovaná",
      "brand": "Nowaco",
      "product_url": "https://wolt.com/cs/cze/prague/venue/albert-vinohradska/nowaco-gouda-obalovana-itemid-6876153a0c6218e9f3e5f48f",
      "image_url": "https://imageproxy.wolt.com/menu/menu-images/64b62ec5e5ab70cdc92e30f0/3cab1ac2-616f-11f0-bcdc-26640337959e_27928448.jpg",
      "categories": [
        "MRAŽENÉ POTRAVINY",
        "MRAŽENÁ PIZZA A HOTOVÁ JÍDLA"
      ],
      "prices": [
        {
          "store_name": "Albert",
          "price": 79.9,
          "original_price": null,
          "unit_price": 399.5,
          "unit": "Kg",
          "package_size": "200 g",
          "condition": null
        }
      ],
      "description": null
    },
    {
      "name": "Nature's Promise Kaše pohanková s čokoládou",
      "brand": "Nature's Promise",
      "product_url": "https://wolt.com/cs/cze/prague/venue/albert-vinohradska/nature-s-promise-kase-pohankova-s-cokoladou-itemid-64ca0b7cba162577de48962d",
      "image_url": "https://imageproxy.wolt.com/menu/menu-images/63ad795db242366d1f818f36/207ecc16-9796-11ef-a67f-3ab397c75ccc_26896953.jpg",
      "categories": [
        "TRVANLIVÉ",
        "MÜSLI A CEREÁLIE"
      ],
      "prices": [
        {
          "store_name": "Albert",
          "price": null,
          "original_price": null,
          "unit_price": 167.69,
          "unit": "Kg",
          "package_size": "65 g",
          "condition": "Sleva"
        }
      ],
      "description": null
    },
    {
      "name": "Penam Chléb super sandwich celozrnný",
      "brand": "Penam",
      "product_url": "https://wolt.com/cs/cze/prague/venue/albert-vinohradska/penam-chleb-super-sandwich-celozrnny-itemid-657233256818b938df947861",
      "image_url": "https://imageproxy.wolt.com/menu/menu-images/64ffec4406cca0140dfab831/484b90ae-8eb3-11ee-ac2b-c6aa6b123400_24993333.jpg",
      "categories": [
        "PEKÁRNA A CUKRÁRNA",
        "CHLÉB BALENÝ"
      ],
      "prices": [
        {
          "store_name": "Albert",
          "price": 53.9,
          "original_price": null,
          "unit_price": 71.87,
          "unit": "Kg",
          "package_size": "750 g",
          "condition": "Vyprodáno"
        }
      ],
      "description": null
    },
    {
      "name": "Ehrmann Grand Dessert Double Choc",
      "brand": "Ehrmann",
      "product_url": "https://wolt.com/cs/cze/prague/venue/albert-vinohradska/ehrmann-grand-dessert-double-choc-itemid-64ca0b7cba162577de489b4c",
      "image_url": "https://imageproxy.wolt.com/menu/menu-images/64ffec4406cca0140dfab831/34cf9238-8eb2-11ee-8d7f-e6fbf8d3c3b0_24680592.jpg",
      "categories": [
        "MLÉČNÉ A CHLAZENÉ",
        "JOGURTY A DEZERTY"
      ],
      "prices": [
        {
          "store_name": "Albert",
          "price": null,
          "original_price": null,
          "unit_price": 115.26,
          "unit": "Kg",
          "package_size": "190 g",
          "condition": "Sleva"
        }
      ],
      "description": null
    },
    {
      "name": "Albert Sušené droždí",
      "brand": "Albert",
      "product_url": "https://wolt.com/cs/cze/prague/venue/albert-vinohradska/albert-susene-drozdi-itemid-6601ebf8e5683726637fd18d",
      "image_url": "https://imageproxy.wolt.com/menu/menu-images/6601c613e48d1c8d95333085/fdc4ca76-eae4-11ee-9d58-c6ec51218b94_27746585.jpg",
      "categories": [
        "TRVANLIVÉ",
        "PEČENÍ A VAŘENÍ"
      ],
      "prices": [
        {
          "store_name": "Albert",
          "price": 5.5,
          "original_price": null,
          "unit_price": 785.71,
          "unit": "Kg",
          "package_size": "7 g",
          "condition": null
        }
      ],
      "description": null
    },
    {
      "name": "Lock Dóza na potraviny",
      "brand": "Lock",
      "product_url": "https://wolt.com/cs/cze/prague/venue/albert-vinohradska/lock-doza-na-potraviny-itemid-6601e29ba8eb8ad0d154b18a",
      "image_url": "https://imageproxy.wolt.com/menu/menu-images/6601c613e48d1c8d95333085/e758cf40-eae3-11ee-99cd-d6ce440b79c5_27293041.jpg",
      "categories": [
        "DOMÁCNOST A ZAHRADA",
        "KUCHYŇSKÉ POTŘEBY"
      ],
      "prices": [
        {
          "store_name": "Albert",
          "price": 119.9,
          "original_price": null,
          "unit_price": 119.9,
          "unit": "ks",
          "package_size": "‪1‬ kus",
          "condition": null
        }
      ],
      "description": null
    },
    {
      "name": "Purina One Junior Mini filetky, losos a mrkev",
      "brand": "Purina",
      "product_url": "https://wolt.com/cs/cze/prague/venue/albert-vinohradska/purina-one-junior-mini-filetky-losos-a-mrkev-itemid-64ca0b7cba162577de48a601",
      "image_url": "https://imageproxy.wolt.com/menu/menu-images/64ffec4406cca0140dfab831/4b34319a-8ec2-11ee-93aa-aafe14bdbae5_27293270.jpg",
      "categories": [
        "ZVÍŘATA",
        "KOČKY"
      ],
      "prices": [
        {
          "store_name": "Albert",
          "price": 17.9,
          "original_price": null,
          "unit_price": 210.59,
          "unit": "Kg",
          "package_size": "85 g",
          "condition": null
        }
      ],
      "description": null
    },
    {
      "name": "Albert Excellent Kozí sýr přírodní 50%",
      "brand": "Albert Excellent",
      "product_url": "https://wolt.com/cs/cze/prague/venue/albert-vinohradska/albert-excellent-kozi-syr-prirodni-50-itemid-64ca0b7cba162577de488b35",
      "image_url": "https://imageproxy.wolt.com/menu/menu-images/63ad795db242366d1f818f36/5f957752-bbe4-11ef-ba7b-a2edcc7ab858_26120164.jpg",
      "categories": [
        "MLÉČNÉ A CHLAZENÉ",
        "SÝRY"
      ],
      "prices": [
        {
          "store_name": "Albert",
          "price": null,
          "original_price": null,
          "unit_price": null,
          "unit": null,
          "package_size": null,
          "condition": "Sleva, Vyprodáno"
        }
      ],
      "description": null
    },
    {
      "name": "Franz Josef Kaiser Sardinky ve slun. oleji",
      "brand": "Franz Josef Kaiser",
      "product_url": "https://wolt.com/cs/cze/prague/venue/albert-vinohradska/franz-josef-kaiser-sardinky-ve-slun-oleji-itemid-657233256818b938df948012",
      "image_url": "https://imageproxy.wolt.com/menu/menu-images/64ffec4406cca0140dfab831/9b52f340-8ebe-11ee-841f-0ece4ee3fc04_27038765.jpg",
      "categories": [
        "TRVANLIVÉ",
        "KONZERVOVANÉ POTR."
      ],
      "prices": [
        {
          "store_name": "Albert",
          "price": 51.9,
          "original_price": null,
          "unit_price": 823.81,
          "unit": "Kg",
          "package_size": "63 g",
          "condition": "Vyprodáno"
        }
      ],
      "description": null
    },
    {
      "name": "Toamo Toaletní papír",
      "brand": "Toamo",
      "product_url": "https://wolt.com/cs/cze/prague/venue/albert-vinohradska/toamo-toaletni-papir-itemid-651c8414dcab272f0fa352f2",
      "image_url": "https://imageproxy.wolt.com/menu/menu-images/64ffec4406cca0140dfab831/3d6f9eb0-8ec6-11ee-af1d-a6924885d1bf_27604229.jpg",
      "categories": [
        "DROGERIE A KOSMETIKA",
        "PAPÍROVÁ HYGIENA"
      ],
      "prices": [
        {
          "store_name": "Albert",
          "price": 59.9,
          "original_price": null,
          "unit_price": 0.39,
          "unit": "ks",
          "package_size": "‪152‬ kusů",
          "condition": null
        }
      ],
      "description": null
    },
    {
      "name": "Madeta Sýrařův výběr Tylžský sýr 45%",
      "brand": "Madeta",
      "product_url": "https://wolt.com/cs/cze/prague/venue/albert-vinohradska/madeta-syraruv-vyber-tylzsky-syr-45-itemid-64ca0b7cba162577de48818f",
      "image_url": "https://imageproxy.wolt.com/menu/menu-images/64ffec4406cca0140dfab831/9e25560a-8eb7-11ee-8ff2-8e50ebf9f3ec_25968255.jpg",
      "categories": [
        "MLÉČNÉ A CHLAZENÉ",
        "SÝRY"
      ],
      "prices": [
        {
          "store_name": "Albert",
          "price": 36.9,
          "original_price": null,
          "unit_price": 369.0,
          "unit": "Kg",
          "package_size": "100 g",
          "condition": null
        }
      ],
      "description": null
    },
    {
      "name": "Mississippi Barbecue Sauce SWEET 'N SPICY",
      "brand": "Mississippi",
      "product_url": "https://wolt.com/cs/cze/prague/venue/albert-vinohradska/mississippi-barbecue-sauce-sweet-n-spicy-itemid-657233256818b938df9489c1",
      "image_url": "https://imageproxy.wolt.com/menu/menu-images/64ffec4406cca0140dfab831/712689fc-8ec7-11ee-bb7f-62169a0e6c38_27658529.jpg",
      "categories": [
        "TRVANLIVÉ",
        "KOŘENÍ A OCHUCOVADLA"
      ],
      "prices": [
        {
          "store_name": "Albert",
          "price": 139.9,
          "original_price": null,
          "unit_price": 274.31,
          "unit": "Kg",
          "package_size": "510 g",
          "condition": "Vyprodáno"
        }
      ],
      "description": null
    },
    {
      "name": "Albert Cukr bílý porcovaný",
      "brand": "Albert",
      "product_url": "https://wolt.com/cs/cze/prague/venue/albert-vinohradska/albert-cukr-bily-porcovany-itemid-64ca0b7cba162577de48a40d",
      "image_url": "https://imageproxy.wolt.com/menu/menu-images/64ffec4406cca0140dfab831/3e903448-8ec2-11ee-87d7-6e71a63f1558_27289723.jpg",
      "categories": [
        "TRVANLIVÉ",
        "PEČENÍ A VAŘENÍ"
      ],
      "prices": [
        {
          "store_name": "Albert",
          "price": 21.9,
          "original_price": null,
          "unit_price": 182.5,
          "unit": "Kg",
          "package_size": "120 g",
          "condition": null
        }
      ],
      "description": null
    },
    {
      "name": "Jupí Sirup citrón",
      "brand": "Jupí",
      "product_url": "https://wolt.com/cs/cze/prague/venue/albert-vinohradska/jupi-sirup-citron-itemid-64ca0b7cba162577de4895d1",
      "image_url": "https://imageproxy.wolt.com/menu/menu-images/63ad795db242366d1f818f36/283d456e-4e4d-11ef-a136-8a0ff6c4b63c_22868893.jpg",
      "categories": [
        "NÁPOJE",
        "SIRUPY A KONCENTRÁTY"
      ],
      "prices": [
        {
          "store_name": "Albert",
          "price": 54.9,
          "original_price": null,
          "unit_price": 78.43,
          "unit": "l",
          "package_size": "700 ml",
          "condition": null
        }
      ],
      "description": null
    },
    {
      "name": "Emma Ovesná kaše malina",
      "brand": "Emma",
      "product_url": "https://wolt.com/cs/cze/prague/venue/albert-vinohradska/emma-ovesna-kase-malina-itemid-64ca0b7cba162577de4880b5",
      "image_url": "https://imageproxy.wolt.com/menu/menu-images/63ad795db242366d1f818f36/2de42f40-d671-11ee-ab98-faa443b702ab_26255361.jpg",
      "categories": [
        "TRVANLIVÉ",
        "MÜSLI A CEREÁLIE"
      ],
      "prices": [
        {
          "store_name": "Albert",
          "price": 9.9,
          "original_price": null,
          "unit_price": 152.31,
          "unit": "Kg",
          "package_size": "65 g",
          "condition": null
        }
      ],
      "description": null
    },
    {
      "name": "Cool Grep",
      "brand": "Cool",
      "product_url": "https://wolt.com/cs/cze/prague/venue/albert-vinohradska/cool-grep-itemid-64ca0b7cba162577de4886c1",
      "image_url": "https://imageproxy.wolt.com/menu/menu-images/64ffec4406cca0140dfab831/23e547b2-8eba-11ee-b114-1627932f216d_26573809.jpg",
      "categories": [
        "NÁPOJE",
        "PIVA"
      ],
      "prices": [
        {
          "store_name": "Albert",
          "price": 23.9,
          "original_price": null,
          "unit_price": 47.8,
          "unit": "l",
          "package_size": "500 ml",
          "condition": null
        }
      ],
      "description": null
    },
    {
      "name": "Mattoni Minerální voda citrón",
      "brand": "Mattoni",
      "product_url": "https://wolt.com/cs/cze/prague/venue/albert-vinohradska/mattoni-mineralni-voda-citron-itemid-64ca0b7cba162577de4883a9",
      "image_url": "https://imageproxy.wolt.com/menu/menu-images/63ad795db242366d1f818f36/d62e6394-7825-11f0-9792-465879c892dc_21360787.jpg",
      "categories": [
        "NÁPOJE",
        "VODY A MINERÁLKY"
      ],
      "prices": [
        {
          "store_name": "Albert",
          "price": 14.9,
          "original_price": null,
          "unit_price": 9.93,
          "unit": "l",
          "package_size": "1,5 l",
          "condition": null
        }
      ],
      "description": null
    },
    {
      "name": "Hollandia Selský jogurt bílý",
      "brand": "Hollandia",
      "product_url": "https://wolt.com/cs/cze/prague/venue/albert-vinohradska/hollandia-selsky-jogurt-bily-itemid-64ca0b7cba162577de488065",
      "image_url": "https://imageproxy.wolt.com/menu/menu-images/63ad795db242366d1f818f36/82f5a5d4-10f7-11ef-a3e8-e2a10c20d6ac_20293352.jpg",
      "categories": [
        "MLÉČNÉ A CHLAZENÉ",
        "JOGURTY A DEZERTY"
      ],
      "prices": [
        {
          "store_name": "Albert",
          "price": 31.9,
          "original_price": null,
          "unit_price": 63.8,
          "unit": "Kg",
          "package_size": "500 g",
          "condition": null
        }
      ],
      "description": null
    },
    {
      "name": "Vitana Paprika sladká",
      "brand": "Vitana",
      "product_url": "https://wolt.com/cs/cze/prague/venue/albert-vinohradska/vitana-paprika-sladka-itemid-64ca0b7cba162577de4894c5",
      "image_url": "https://imageproxy.wolt.com/menu/menu-images/64ffec4406cca0140dfab831/d7853baa-8eb1-11ee-bce9-e2efa80c37b6_24591676.jpg",
      "categories": [
        "TRVANLIVÉ",
        "KOŘENÍ A OCHUCOVADLA"
      ],
      "prices": [
        {
          "store_name": "Albert",
          "price": 54.9,
          "original_price": null,
          "unit_price": 549.0,
          "unit": "Kg",
          "package_size": "100 g",
          "condition": null
        }
      ],
      "description": null
    },
    {
      "name": "Starbucks Blonde Espresso Roast zrnková káva",
      "brand": "Starbucks",
      "product_url": "https://wolt.com/cs/cze/prague/venue/albert-vinohradska/starbucks-blonde-espresso-roast-zrnkova-kava-itemid-64ca0b7cba162577de48a620",
      "image_url": "https://imageproxy.wolt.com/menu/menu-images/64ffec4406cca0140dfab831/a4f40bdc-8ec3-11ee-9e1c-22bb34ae47e9_27390719.jpg",
      "categories": [
        "NÁPOJE",
        "KÁVA A ČAJ"
      ],
      "prices": [
        {
          "store_name": "Albert",
          "price": 399.0,
          "original_price": null,
          "unit_price": 886.67,
          "unit": "Kg",
          "package_size": "450 g",
          "condition": null
        }
      ],
      "description": null
    },
    {
      "name": "Lučina Salátová jemně slaná",
      "brand": "Lučina",
      "product_url": "https://wolt.com/cs/cze/prague/venue/albert-vinohradska/lucina-salatova-jemne-slana-itemid-64ca0b7cba162577de489a60",
      "image_url": "https://imageproxy.wolt.com/menu/menu-images/64ffec4406cca0140dfab831/bf76356c-8ebd-11ee-9ce6-36c5709726f2_26964768.jpg",
      "categories": [
        "MLÉČNÉ A CHLAZENÉ",
        "SÝRY"
      ],
      "prices": [
        {
          "store_name": "Albert",
          "price": 53.9,
          "original_price": null,
          "unit_price": 359.33,
          "unit": "Kg",
          "package_size": "150 g",
          "condition": null
        }
      ],
      "description": null
    },
    {
      "name": "Starbucks Frappuccino Vanilla",
      "brand": "Starbucks",
      "product_url": "https://wolt.com/cs/cze/prague/venue/albert-vinohradska/starbucks-frappuccino-vanilla-itemid-64ca0b7cba162577de489404",
      "image_url": "https://imageproxy.wolt.com/menu/menu-images/63ad795db242366d1f818f36/009281a4-9796-11ef-a370-3a91dd2c8728_27256930.jpg",
      "categories": [
        "MLÉČNÉ A CHLAZENÉ",
        "MLÉČNÉ NÁPOJE"
      ],
      "prices": [
        {
          "store_name": "Albert",
          "price": 59.9,
          "original_price": null,
          "unit_price": 239.6,
          "unit": "l",
          "package_size": "250 ml",
          "condition": null
        }
      ],
      "description": null
    },
    {
      "name": "Madeta Jihočeský Tvaroh&jogurt broskev",
      "brand": "Madeta",
      "product_url": "https://wolt.com/cs/cze/prague/venue/albert-vinohradska/madeta-jihocesky-tvaroh-jogurt-broskev-itemid-64ca0b7cba162577de48912c",
      "image_url": "https://imageproxy.wolt.com/menu/menu-images/64ffec4406cca0140dfab831/e6046150-8eb2-11ee-9a49-865f2970631c_24902229.jpg",
      "categories": [
        "MLÉČNÉ A CHLAZENÉ",
        "JOGURTY A DEZERTY"
      ],
      "prices": [
        {
          "store_name": "Albert",
          "price": 19.9,
          "original_price": null,
          "unit_price": 147.41,
          "unit": "Kg",
          "package_size": "135 g",
          "condition": "Vyprodáno"
        }
      ],
      "description": null
    },
    {
      "name": "Madeta Jihočeské Mléko polotučné",
      "brand": "Madeta",
      "product_url": "https://wolt.com/cs/cze/prague/venue/albert-vinohradska/madeta-jihoceske-mleko-polotucne-itemid-657233256818b938df948a4e",
      "image_url": "https://imageproxy.wolt.com/menu/menu-images/63ad795db242366d1f818f36/eaccb602-7825-11f0-8d3a-f287b2bda815_22866011.jpg",
      "categories": [
        "MLÉČNÉ A CHLAZENÉ",
        "MLÉČNÉ NÁPOJE"
      ],
      "prices": [
        {
          "store_name": "Albert",
          "price": 28.9,
          "original_price": null,
          "unit_price": 28.9,
          "unit": "l",
          "package_size": "1 l",
          "condition": null
        }
      ],
      "description": null
    },
    {
      "name": "Sam Mills Polévkové nudle bezlepkové",
      "brand": "Sam",
      "product_url": "https://wolt.com/cs/cze/prague/venue/albert-vinohradska/sam-mills-polevkove-nudle-bezlepkove-itemid-6601e4da1f66463b59293072",
      "image_url": "https://imageproxy.wolt.com/menu/menu-images/6601c613e48d1c8d95333085/4446e15a-eae5-11ee-acd6-667d50b09927_27821299.jpg",
      "categories": [
        "TRVANLIVÉ",
        "TĚSTOVINY A KUSKUS"
      ],
      "prices": [
        {
          "store_name": "Albert",
          "price": null,
          "original_price": null,
          "unit_price": 67.8,
          "unit": "Kg",
          "package_size": "500 g",
          "condition": "Sleva"
        }
      ],
      "description": null
    },
    {
      "name": "Albert Excellent Tapas Pomazánkové pesto",
      "brand": "Albert Excellent",
      "product_url": "https://wolt.com/cs/cze/prague/venue/albert-vinohradska/albert-excellent-tapas-pomazankove-pesto-itemid-64ca0b7cba162577de4896f1",
      "image_url": "https://imageproxy.wolt.com/menu/menu-images/64ffec4406cca0140dfab831/2345822e-8ec7-11ee-9fd9-bed13653e197_27643723.jpg",
      "categories": [
        "UZENINY A LAHŮDKY",
        "TAPAS"
      ],
      "prices": [
        {
          "store_name": "Albert",
          "price": 69.0,
          "original_price": null,
          "unit_price": 862.5,
          "unit": "Kg",
          "package_size": "80 g",
          "condition": null
        }
      ],
      "description": null
    },
    {
      "name": "Kinder Bueno White Oplatka v bílé čokoládě",
      "brand": "Kinder",
      "product_url": "https://wolt.com/cs/cze/prague/venue/albert-vinohradska/kinder-bueno-white-oplatka-v-bile-cokolade-itemid-64ca0b7cba162577de4880d1",
      "image_url": "https://imageproxy.wolt.com/menu/menu-images/64ffec4406cca0140dfab831/0b798bfa-8eb2-11ee-af95-7217cc85b990_24649179.jpg",
      "categories": [
        "TRVANLIVÉ",
        "SLADKOSTI"
      ],
      "prices": [
        {
          "store_name": "Albert",
          "price": 26.9,
          "original_price": null,
          "unit_price": 689.74,
          "unit": "Kg",
          "package_size": "39 g",
          "condition": null
        }
      ],
      "description": null
    },
    {
      "name": "Česká chuť Selská klobása z Přeštic",
      "brand": "Česká chuť",
      "product_url": "https://wolt.com/cs/cze/prague/venue/albert-vinohradska/ceska-chut-selska-klobasa-z-prestic-itemid-64ca0b7cba162577de4895f2",
      "image_url": "https://imageproxy.wolt.com/menu/menu-images/64ffec4406cca0140dfab831/ed9c0a50-8ec4-11ee-86cf-5e8c96b8dcdd_27511206.jpg",
      "categories": [
        "UZENINY A LAHŮDKY",
        "PÁRKY A KLOBÁSY"
      ],
      "prices": [
        {
          "store_name": "Albert",
          "price": 92.9,
          "original_price": null,
          "unit_price": 344.07,
          "unit": "Kg",
          "package_size": "270 g",
          "condition": null
        }
      ],
      "description": null
    },
    {
      "name": "Česká chuť Krůtí stehno spodní chlazené",
      "brand": "Česká chuť",
      "product_url": "https://wolt.com/cs/cze/prague/venue/albert-vinohradska/ceska-chut-kruti-stehno-spodni-chlazene-itemid-64ca0b7cba162577de4886e1",
      "image_url": "https://imageproxy.wolt.com/menu/menu-images/64ffec4406cca0140dfab831/b9f650e6-8eb7-11ee-ac72-aa70cbf91f77_26028095.jpg",
      "categories": [
        "MASO A RYBY",
        "DRŮBEŽ"
      ],
      "prices": [
        {
          "store_name": "Albert",
          "price": 123.5,
          "original_price": null,
          "unit_price": null,
          "unit": null,
          "package_size": null,
          "condition": null
        }
      ],
      "description": null
    },
    {
      "name": "Lovepet Kapsa pro psy, krůtí v omáčce",
      "brand": "Lovepet",
      "product_url": "https://wolt.com/cs/cze/prague/venue/albert-vinohradska/lovepet-kapsa-pro-psy-kruti-v-omacce-itemid-64ca0b7cba162577de489f61",
      "image_url": "https://imageproxy.wolt.com/menu/menu-images/63ad795db242366d1f818f36/a63e44d2-0608-11ef-b0a5-be91385a3371_26444369.jpg",
      "categories": [
        "ZVÍŘATA",
        "PSI"
      ],
      "prices": [
        {
          "store_name": "Albert",
          "price": 10.9,
          "original_price": null,
          "unit_price": 109.0,
          "unit": "Kg",
          "package_size": "100 g",
          "condition": null
        }
      ],
      "description": null
    },
    {
      "name": "Milko Tvaroháček smetanový",
      "brand": "Milko",
      "product_url": "https://wolt.com/cs/cze/prague/venue/albert-vinohradska/milko-tvarohacek-smetanovy-itemid-657233256818b938df948add",
      "image_url": "https://imageproxy.wolt.com/menu/menu-images/64ffec4406cca0140dfab831/4a6325fc-8eca-11ee-b9df-ba7a0888b93f_27774564.jpg",
      "categories": [
        "MLÉČNÉ A CHLAZENÉ",
        "JOGURTY A DEZERTY"
      ],
      "prices": [
        {
          "store_name": "Albert",
          "price": 23.9,
          "original_price": null,
          "unit_price": 183.85,
          "unit": "Kg",
          "package_size": "130 g",
          "condition": null
        }
      ],
      "description": null
    },
    {
      "name": "Mlékárna Kunín Acidofilní mléko malina",
      "brand": "Mlékárna Kunín",
      "product_url": "https://wolt.com/cs/cze/prague/venue/albert-vinohradska/mlekarna-kunin-acidofilni-mleko-malina-itemid-64ca0b7cba162577de489493",
      "image_url": "https://imageproxy.wolt.com/menu/menu-images/64ffec4406cca0140dfab831/58cc1ce8-8ebb-11ee-906f-b287692f5450_26766546.jpg",
      "categories": [
        "MLÉČNÉ A CHLAZENÉ",
        "MLÉČNÉ NÁPOJE"
      ],
      "prices": [
        {
          "store_name": "Albert",
          "price": 24.9,
          "original_price": null,
          "unit_price": 55.33,
          "unit": "Kg",
          "package_size": "450 g",
          "condition": null
        }
      ],
      "description": null
    },
    {
      "name": "Lilek",
      "brand": "Lilek",
      "product_url": "https://wolt.com/cs/cze/prague/venue/albert-vinohradska/lilek-itemid-68b4ae3c9b7c9d83dd479d2e",
      "image_url": "https://imageproxy.wolt.com/menu/menu-images/64b62ec5e5ab70cdc92e30f0/ac4d87ae-3ecd-11ef-89b6-2a4a92fd2822_20446345.jpg",
      "categories": [
        "OVOCE A ZELENINA",
        "ZELENINA"
      ],
      "prices": [
        {
          "store_name": "Albert",
          "price": 52.95,
          "original_price": null,
          "unit_price": null,
          "unit": null,
          "package_size": "~530 g",
          "condition": null
        }
      ],
      "description": null
    },
    {
      "name": "Tassimo Jacobs Latte Macchiato kapsle",
      "brand": "Tassimo",
      "product_url": "https://wolt.com/cs/cze/prague/venue/albert-vinohradska/tassimo-jacobs-latte-macchiato-kapsle-itemid-64ca0b7cba162577de489cb7",
      "image_url": "https://imageproxy.wolt.com/menu/menu-images/6745ec28c3b7723db3588430/0bba37ae-d4fb-11f0-aeba-4a4ce0a1bdb6_25348026.jpg",
      "categories": [
        "NÁPOJE",
        "KÁVA A ČAJ"
      ],
      "prices": [
        {
          "store_name": "Albert",
          "price": 139.9,
          "original_price": null,
          "unit_price": 8.74,
          "unit": "ks",
          "package_size": "‪16‬ kusů",
          "condition": null
        }
      ],
      "description": null
    },
    {
      "name": "Zlatopramen 11 světlý ležák",
      "brand": "Zlatopramen",
      "product_url": "https://wolt.com/cs/cze/prague/venue/albert-vinohradska/zlatopramen-11-svetly-lezak-itemid-64ca0b7cba162577de48942e",
      "image_url": "https://imageproxy.wolt.com/menu/menu-images/64ffec4406cca0140dfab831/f710fe66-8eb9-11ee-8e36-f676b94e1855_26544373.jpg",
      "categories": [
        "NÁPOJE",
        "PIVA"
      ],
      "prices": [
        {
          "store_name": "Albert",
          "price": 54.9,
          "original_price": null,
          "unit_price": 36.6,
          "unit": "l",
          "package_size": "1,5 l, 4,9% alc",
          "condition": "18+"
        }
      ],
      "description": null
    },
    {
      "name": "Lovepet Konzerva drůbeží v omáčce pro kočky",
      "brand": "Lovepet",
      "product_url": "https://wolt.com/cs/cze/prague/venue/albert-vinohradska/lovepet-konzerva-drubezi-v-omacce-pro-kocky-itemid-64ca0b7cba162577de4889c7",
      "image_url": "https://imageproxy.wolt.com/menu/menu-images/64ffec4406cca0140dfab831/8dbe369e-8eb0-11ee-9077-1ec840397d06_23878754.jpg",
      "categories": [
        "ZVÍŘATA",
        "KOČKY"
      ],
      "prices": [
        {
          "store_name": "Albert",
          "price": 16.9,
          "original_price": null,
          "unit_price": 40.72,
          "unit": "Kg",
          "package_size": "415 g",
          "condition": null
        }
      ],
      "description": null
    },
    {
      "name": "Efko Kapary",
      "brand": "Efko",
      "product_url": "https://wolt.com/cs/cze/prague/venue/albert-vinohradska/efko-kapary-itemid-64ca0b7cba162577de4893f9",
      "image_url": "https://imageproxy.wolt.com/menu/menu-images/64ffec4406cca0140dfab831/c68fd7d8-8eac-11ee-b32d-f2a93e51b7a9_20324193.jpg",
      "categories": [
        "TRVANLIVÉ",
        "KONZERVOVANÉ POTR."
      ],
      "prices": [
        {
          "store_name": "Albert",
          "price": 58.9,
          "original_price": null,
          "unit_price": 981.67,
          "unit": "Kg",
          "package_size": "60 g",
          "condition": null
        }
      ],
      "description": null
    },
    {
      "name": "Tchibo Exclusive Original Zrnková káva",
      "brand": "Tchibo",
      "product_url": "https://wolt.com/cs/cze/prague/venue/albert-vinohradska/tchibo-exclusive-original-zrnkova-kava-itemid-6601e6feb73ad7bfe16a87ec",
      "image_url": "https://imageproxy.wolt.com/menu/menu-images/6601c613e48d1c8d95333085/e3ed677a-eae4-11ee-86e9-c2c0df7d5c88_27725894.jpg",
      "categories": [
        "NÁPOJE",
        "KÁVA A ČAJ"
      ],
      "prices": [
        {
          "store_name": "Albert",
          "price": 649.0,
          "original_price": null,
          "unit_price": 649.0,
          "unit": "Kg",
          "package_size": "1 kg",
          "condition": null
        }
      ],
      "description": null
    },
    {
      "name": "Mirinda pomeranč",
      "brand": "Mirinda",
      "product_url": "https://wolt.com/cs/cze/prague/venue/albert-vinohradska/mirinda-pomeranc-itemid-64ca0b7cba162577de488585",
      "image_url": "https://imageproxy.wolt.com/menu/menu-images/64ffec4406cca0140dfab831/b45c7c00-8ead-11ee-9d5a-56164190c6db_21172472.jpg",
      "categories": [
        "NÁPOJE",
        "LIMONÁDY"
      ],
      "prices": [
        {
          "store_name": "Albert",
          "price": 34.9,
          "original_price": null,
          "unit_price": 15.51,
          "unit": "l",
          "package_size": "2,25 l",
          "condition": null
        }
      ],
      "description": null
    },
    {
      "name": "Albert Excellent Kalamata olivy s peckou",
      "brand": "Albert Excellent",
      "product_url": "https://wolt.com/cs/cze/prague/venue/albert-vinohradska/albert-excellent-kalamata-olivy-s-peckou-itemid-681b5abffcbd67bf7a8f49f8",
      "image_url": "https://imageproxy.wolt.com/menu/menu-images/63ad795db242366d1f818f36/2d094234-ad8b-11f0-b638-56270e015d4f_27948798.jpg",
      "categories": [
        "TRVANLIVÉ",
        "KONZERVOVANÉ POTR."
      ],
      "prices": [
        {
          "store_name": "Albert",
          "price": 49.9,
          "original_price": null,
          "unit_price": 243.41,
          "unit": "Kg",
          "package_size": "205 g",
          "condition": "Vyprodáno"
        }
      ],
      "description": null
    },
    {
      "name": "Penam Chléb Sporty, krájený",
      "brand": "Penam",
      "product_url": "https://wolt.com/cs/cze/prague/venue/albert-vinohradska/penam-chleb-sporty-krajeny-itemid-64ca0b7cba162577de4895b1",
      "image_url": "https://imageproxy.wolt.com/menu/menu-images/64ffec4406cca0140dfab831/29bba618-8eba-11ee-85aa-c64f1deb8de2_26579443.jpg",
      "categories": [
        "PEKÁRNA A CUKRÁRNA",
        "CHLÉB BALENÝ"
      ],
      "prices": [
        {
          "store_name": "Albert",
          "price": 46.9,
          "original_price": null,
          "unit_price": 134.0,
          "unit": "Kg",
          "package_size": "350 g",
          "condition": null
        }
      ],
      "description": null
    },
    {
      "name": "Mlékárna Kunín Termix s vanilkovou příchutí",
      "brand": "Mlékárna Kunín",
      "product_url": "https://wolt.com/cs/cze/prague/venue/albert-vinohradska/mlekarna-kunin-termix-s-vanilkovou-prichuti-itemid-64ca0b7cba162577de489236",
      "image_url": "https://imageproxy.wolt.com/menu/menu-images/64ffec4406cca0140dfab831/aa25b164-8eaf-11ee-9a94-96106fe39af5_23452695.jpg",
      "categories": [
        "MLÉČNÉ A CHLAZENÉ",
        "JOGURTY A DEZERTY"
      ],
      "prices": [
        {
          "store_name": "Albert",
          "price": 15.9,
          "original_price": null,
          "unit_price": 176.67,
          "unit": "Kg",
          "package_size": "90 g",
          "condition": null
        }
      ],
      "description": null
    },
    {
      "name": "Roku Gin 43%",
      "brand": "Roku",
      "product_url": "https://wolt.com/cs/cze/prague/venue/albert-vinohradska/roku-gin-43-itemid-64ca0b7cba162577de48a632",
      "image_url": "https://imageproxy.wolt.com/menu/menu-images/64ffec4406cca0140dfab831/f59ce9d4-8ec1-11ee-a6aa-3a9a41c1cb36_27269770.jpg",
      "categories": [
        "NÁPOJE",
        "LIHOVINY"
      ],
      "prices": [
        {
          "store_name": "Albert",
          "price": 829.0,
          "original_price": null,
          "unit_price": 1184.29,
          "unit": "l",
          "package_size": "700 ml, 43% alc",
          "condition": "18+, Vyprodáno"
        }
      ],
      "description": null
    },
    {
      "name": "Kitbis Karamely",
      "brand": "Kitbis",
      "product_url": "https://wolt.com/cs/cze/prague/venue/albert-vinohradska/kitbis-karamely-itemid-64ca0b7cba162577de489863",
      "image_url": "https://imageproxy.wolt.com/menu/menu-images/64ffec4406cca0140dfab831/5992778a-8ec5-11ee-adde-6e71a63f1558_27537404.jpg",
      "categories": [
        "TRVANLIVÉ",
        "SLADKOSTI"
      ],
      "prices": [
        {
          "store_name": "Albert",
          "price": 18.9,
          "original_price": null,
          "unit_price": 210.0,
          "unit": "Kg",
          "package_size": "90 g",
          "condition": null
        }
      ],
      "description": null
    },
    {
      "name": "Albert Toustový chléb tmavý, krájený",
      "brand": "Albert",
      "product_url": "https://wolt.com/cs/cze/prague/venue/albert-vinohradska/albert-toustovy-chleb-tmavy-krajeny-itemid-657233256818b938df947820",
      "image_url": "https://imageproxy.wolt.com/menu/menu-images/64ffec4406cca0140dfab831/8f494264-8eb1-11ee-8697-8e381a14ed80_24413732.jpg",
      "categories": [
        "PEKÁRNA A CUKRÁRNA",
        "CHLÉB BALENÝ"
      ],
      "prices": [
        {
          "store_name": "Albert",
          "price": 29.9,
          "original_price": null,
          "unit_price": 59.8,
          "unit": "Kg",
          "package_size": "500 g",
          "condition": "Vyprodáno"
        }
      ],
      "description": null
    },
    {
      "name": "Nature's Promise Bio Džem výběrový meruňkový",
      "brand": "Nature's Promise",
      "product_url": "https://wolt.com/cs/cze/prague/venue/albert-vinohradska/nature-s-promise-bio-dzem-vyberovy-merunkovy-itemid-64ca0b7cba162577de4892d1",
      "image_url": "https://imageproxy.wolt.com/menu/menu-images/63ad795db242366d1f818f36/7f98bf80-66af-11ef-9428-f653ccdb48a3_27224564.jpg",
      "categories": [
        "TRVANLIVÉ",
        "MEDY A SL. POMAZÁNKY"
      ],
      "prices": [
        {
          "store_name": "Albert",
          "price": null,
          "original_price": null,
          "unit_price": 147.78,
          "unit": "Kg",
          "package_size": "270 g",
          "condition": "Sleva"
        }
      ],
      "description": null
    },
    {
      "name": "Marilky mléčné",
      "brand": "Marilky",
      "product_url": "https://wolt.com/cs/cze/prague/venue/albert-vinohradska/marilky-mlecne-itemid-64ca0b7cba162577de4891b0",
      "image_url": "https://imageproxy.wolt.com/menu/menu-images/64ffec4406cca0140dfab831/04dfaff8-8ec2-11ee-b476-a2846f3734b2_27275405.jpg",
      "categories": [
        "TRVANLIVÉ",
        "SLADKOSTI"
      ],
      "prices": [
        {
          "store_name": "Albert",
          "price": 9.9,
          "original_price": null,
          "unit_price": 300.0,
          "unit": "Kg",
          "package_size": "33 g",
          "condition": null
        }
      ],
      "description": null
    },
    {
      "name": "Hochwald Eiskaffee Ledová káva light",
      "brand": "Hochwald",
      "product_url": "https://wolt.com/cs/cze/prague/venue/albert-vinohradska/hochwald-eiskaffee-ledova-kava-light-itemid-64ca0b7cba162577de4896ae",
      "image_url": "https://imageproxy.wolt.com/menu/menu-images/64ffec4406cca0140dfab831/3eaba6d0-8eb6-11ee-9306-76d8d681f910_25730715.jpg",
      "categories": [
        "MLÉČNÉ A CHLAZENÉ",
        "MLÉČNÉ NÁPOJE"
      ],
      "prices": [
        {
          "store_name": "Albert",
          "price": 37.9,
          "original_price": null,
          "unit_price": 75.8,
          "unit": "l",
          "package_size": "500 ml",
          "condition": null
        }
      ],
      "description": null
    },
    {
      "name": "Mattoni Imuno jablko &  kiwi & ananas",
      "brand": "Mattoni",
      "product_url": "https://wolt.com/cs/cze/prague/venue/albert-vinohradska/mattoni-imuno-jablko-kiwi-ananas-itemid-657233256818b938df947ca6",
      "image_url": "https://imageproxy.wolt.com/menu/menu-images/64ffec4406cca0140dfab831/6da5dd06-8ec6-11ee-a8da-86f1953ceff6_27610428.jpg",
      "categories": [
        "NÁPOJE",
        "VODY A MINERÁLKY"
      ],
      "prices": [
        {
          "store_name": "Albert",
          "price": 23.9,
          "original_price": null,
          "unit_price": 47.8,
          "unit": "l",
          "package_size": "500 ml",
          "condition": null
        }
      ],
      "description": null
    },
    {
      "name": "Valašská kyška",
      "brand": "Valašská",
      "product_url": "https://wolt.com/cs/cze/prague/venue/albert-vinohradska/valasska-kyska-itemid-64ca0b7cba162577de4895a3",
      "image_url": "https://imageproxy.wolt.com/menu/menu-images/64ffec4406cca0140dfab831/d2945a8a-8ead-11ee-b979-ce88839a7433_21334542.jpg",
      "categories": [
        "MLÉČNÉ A CHLAZENÉ",
        "MLÉČNÉ NÁPOJE"
      ],
      "prices": [
        {
          "store_name": "Albert",
          "price": 23.9,
          "original_price": null,
          "unit_price": 59.75,
          "unit": "Kg",
          "package_size": "400 g",
          "condition": null
        }
      ],
      "description": null
    },
    {
      "name": "Albert Smetana ke šlehání 31%",
      "brand": "Albert",
      "product_url": "https://wolt.com/cs/cze/prague/venue/albert-vinohradska/albert-smetana-ke-slehani-31-itemid-64ca0b7cba162577de4881a1",
      "image_url": "https://imageproxy.wolt.com/menu/menu-images/64ffec4406cca0140dfab831/6633bf94-8ec0-11ee-b7a1-cef5e19e5e09_27171578.jpg",
      "categories": [
        "MLÉČNÉ A CHLAZENÉ",
        "SMETANY A ŠLEHAČKY"
      ],
      "prices": [
        {
          "store_name": "Albert",
          "price": 29.9,
          "original_price": null,
          "unit_price": 149.5,
          "unit": "Kg",
          "package_size": "200 g",
          "condition": null
        }
      ],
      "description": null
    },
    {
      "name": "Mionetto Prosecco Treviso Brut",
      "brand": "Mionetto",
      "product_url": "https://wolt.com/cs/cze/prague/venue/albert-vinohradska/mionetto-prosecco-treviso-brut-itemid-657233256818b938df9480d3",
      "image_url": "https://imageproxy.wolt.com/menu/menu-images/63ad795db242366d1f818f36/d3e86678-7827-11f0-a1bd-eab81e1b7890_27132401.jpg",
      "categories": [
        "NÁPOJE",
        "VÍNA"
      ],
      "prices": [
        {
          "store_name": "Albert",
          "price": 99.9,
          "original_price": null,
          "unit_price": 499.5,
          "unit": "l",
          "package_size": "200 ml, 11% alc",
          "condition": "18+, Vyprodáno"
        }
      ],
      "description": null
    },
    {
      "name": "Vina Mercedes Chardonnay",
      "brand": "Vina",
      "product_url": "https://wolt.com/cs/cze/prague/venue/albert-vinohradska/vina-mercedes-chardonnay-itemid-64ca0b7cba162577de48a33f",
      "image_url": "https://imageproxy.wolt.com/menu/menu-images/64ffec4406cca0140dfab831/4350ad1a-8eb7-11ee-9129-7a99d2fb2f9f_25922899.jpg",
      "categories": [
        "NÁPOJE",
        "VÍNA"
      ],
      "prices": [
        {
          "store_name": "Albert",
          "price": 69.9,
          "original_price": null,
          "unit_price": 93.2,
          "unit": "l",
          "package_size": "750 ml, 11,5% alc",
          "condition": "18+"
        }
      ],
      "description": null
    },
    {
      "name": "Linteo Kuchyňské utěrky XXL 2vrstvé, 2 role",
      "brand": "Linteo",
      "product_url": "https://wolt.com/cs/cze/prague/venue/albert-vinohradska/linteo-kuchynske-uterky-xxl-2vrstve-2-role-itemid-657233256818b938df948be9",
      "image_url": "https://imageproxy.wolt.com/menu/menu-images/64ffec4406cca0140dfab831/d40bf364-8ec1-11ee-a3e6-aafe14bdbae5_27262382.jpg",
      "categories": [
        "DROGERIE A KOSMETIKA",
        "PAPÍROVÁ HYGIENA"
      ],
      "prices": [
        {
          "store_name": "Albert",
          "price": 134.9,
          "original_price": null,
          "unit_price": 1.12,
          "unit": "ks",
          "package_size": "‪120‬ kusů",
          "condition": null
        }
      ],
      "description": null
    },
    {
      "name": "Olma Florian smetanový jogurt meruňka",
      "brand": "Olma",
      "product_url": "https://wolt.com/cs/cze/prague/venue/albert-vinohradska/olma-florian-smetanovy-jogurt-merunka-itemid-64ca0b7cba162577de48818b",
      "image_url": "https://imageproxy.wolt.com/menu/menu-images/64ffec4406cca0140dfab831/524236ee-8eae-11ee-b13f-ca775a3f94cd_22114679.jpg",
      "categories": [
        "MLÉČNÉ A CHLAZENÉ",
        "JOGURTY A DEZERTY"
      ],
      "prices": [
        {
          "store_name": "Albert",
          "price": null,
          "original_price": null,
          "unit_price": 66.0,
          "unit": "Kg",
          "package_size": "150 g",
          "condition": "Sleva"
        }
      ],
      "description": null
    },
    {
      "name": "Nature's Promise Bio Sýr s modrou plísní",
      "brand": "Nature's Promise",
      "product_url": "https://wolt.com/cs/cze/prague/venue/albert-vinohradska/nature-s-promise-bio-syr-s-modrou-plisni-itemid-64ca0b7cba162577de489594",
      "image_url": "https://imageproxy.wolt.com/menu/menu-images/64ffec4406cca0140dfab831/4fcc1b00-8ec7-11ee-8e1b-eadfee8d92ce_27652336.jpg",
      "categories": [
        "MLÉČNÉ A CHLAZENÉ",
        "SÝRY"
      ],
      "prices": [
        {
          "store_name": "Albert",
          "price": null,
          "original_price": null,
          "unit_price": 233.91,
          "unit": "Kg",
          "package_size": "115 g",
          "condition": "Sleva"
        }
      ],
      "description": null
    },
    {
      "name": "Leerdammer Finesse Original plátky",
      "brand": "Leerdammer",
      "product_url": "https://wolt.com/cs/cze/prague/venue/albert-vinohradska/leerdammer-finesse-original-platky-itemid-64ca0b7cba162577de4886fb",
      "image_url": "https://imageproxy.wolt.com/menu/menu-images/63ad795db242366d1f818f36/25cfa03c-9796-11ef-a3ec-128e5fc3aeee_26754628.jpg",
      "categories": [
        "MLÉČNÉ A CHLAZENÉ",
        "SÝRY"
      ],
      "prices": [
        {
          "store_name": "Albert",
          "price": 51.9,
          "original_price": null,
          "unit_price": 648.75,
          "unit": "Kg",
          "package_size": "80 g",
          "condition": null
        }
      ],
      "description": null
    },
    {
      "name": "Dr. Oetker Guseppe Quattro Formaggi",
      "brand": "Dr. Oetker",
      "product_url": "https://wolt.com/cs/cze/prague/venue/albert-vinohradska/dr-oetker-guseppe-quattro-formaggi-itemid-6876153a0c6218e9f3e5f41d",
      "image_url": "https://imageproxy.wolt.com/menu/menu-images/63ad795db242366d1f818f36/070ee61a-a8ea-11f0-94a7-82afdeeef92c_25426427.jpg",
      "categories": [
        "MRAŽENÉ POTRAVINY",
        "MRAŽENÁ PIZZA A HOTOVÁ JÍDLA"
      ],
      "prices": [
        {
          "store_name": "Albert",
          "price": 89.9,
          "original_price": null,
          "unit_price": 268.36,
          "unit": "Kg",
          "package_size": "335 g",
          "condition": null
        }
      ],
      "description": null
    },
    {
      "name": "Albert Cereální tyčinky hořká čokoláda bez lepku",
      "brand": "Albert",
      "product_url": "https://wolt.com/cs/cze/prague/venue/albert-vinohradska/albert-cerealni-tycinky-horka-cokolada-bez-lepku-itemid-681b5abffcbd67bf7a8f4a81",
      "image_url": "https://imageproxy.wolt.com/menu/menu-images/63ad795db242366d1f818f36/80f72d5a-2b47-11f0-94e3-26adcdbea7f7_27910221.jpg",
      "categories": [
        "TRVANLIVÉ",
        "SPECIÁLNÍ"
      ],
      "prices": [
        {
          "store_name": "Albert",
          "price": 64.9,
          "original_price": null,
          "unit_price": 519.2,
          "unit": "Kg",
          "package_size": "125 g",
          "condition": null
        }
      ],
      "description": null
    },
    {
      "name": "Nature's Promise Bio Baby Lasagne s hovězím masem",
      "brand": "Nature's Promise",
      "product_url": "https://wolt.com/cs/cze/prague/venue/albert-vinohradska/nature-s-promise-bio-baby-lasagne-s-hovezim-masem-itemid-64ca0b7cba162577de488deb",
      "image_url": "https://imageproxy.wolt.com/menu/menu-images/64ffec4406cca0140dfab831/73a4b0ae-8ebe-11ee-ad37-5e4e081b1cfc_27029640.jpg",
      "categories": [
        "DÍTĚ",
        "VÝŽIVA"
      ],
      "prices": [
        {
          "store_name": "Albert",
          "price": 24.9,
          "original_price": null,
          "unit_price": 131.05,
          "unit": "Kg",
          "package_size": "190 g",
          "condition": null
        }
      ],
      "description": null
    },
    {
      "name": "Hello Jahoda",
      "brand": "Hello",
      "product_url": "https://wolt.com/cs/cze/prague/venue/albert-vinohradska/hello-jahoda-itemid-64ca0b7cba162577de488603",
      "image_url": "https://imageproxy.wolt.com/menu/menu-images/63ad795db242366d1f818f36/f0cd6336-a8e9-11f0-b9c9-d647e88533b6_21636295.jpg",
      "categories": [
        "NÁPOJE",
        "DŽUSY A NEKTARY"
      ],
      "prices": [
        {
          "store_name": "Albert",
          "price": 26.9,
          "original_price": null,
          "unit_price": 26.9,
          "unit": "l",
          "package_size": "1 l",
          "condition": null
        }
      ],
      "description": null
    },
    {
      "name": "Madeta Madeland Light 30% plátky",
      "brand": "Madeta",
      "product_url": "https://wolt.com/cs/cze/prague/venue/albert-vinohradska/madeta-madeland-light-30-platky-itemid-64ca0b7cba162577de4885c7",
      "image_url": "https://imageproxy.wolt.com/menu/menu-images/64ffec4406cca0140dfab831/b4a82c74-8eb0-11ee-a7fe-96ff514b0205_23953949.jpg",
      "categories": [
        "MLÉČNÉ A CHLAZENÉ",
        "SÝRY"
      ],
      "prices": [
        {
          "store_name": "Albert",
          "price": null,
          "original_price": null,
          "unit_price": 299.0,
          "unit": "Kg",
          "package_size": "100 g",
          "condition": "Sleva"
        }
      ],
      "description": null
    },
    {
      "name": "Nature's Promise Bio Chléb žitný plátkový",
      "brand": "Nature's Promise",
      "product_url": "https://wolt.com/cs/cze/prague/venue/albert-vinohradska/nature-s-promise-bio-chleb-zitny-platkovy-itemid-651c879cf4313cc03e90bac7",
      "image_url": "https://imageproxy.wolt.com/menu/menu-images/64ffec4406cca0140dfab831/9187f19c-8eca-11ee-9b47-ba7a0888b93f_27780817.jpg",
      "categories": [
        "PEKÁRNA A CUKRÁRNA",
        "CHLÉB BALENÝ"
      ],
      "prices": [
        {
          "store_name": "Albert",
          "price": null,
          "original_price": null,
          "unit_price": 93.07,
          "unit": "Kg",
          "package_size": "375 g",
          "condition": "Sleva"
        }
      ],
      "description": null
    },
    {
      "name": "St. Dalfour Pomazánka meruňková",
      "brand": "St. Dalfour",
      "product_url": "https://wolt.com/cs/cze/prague/venue/albert-vinohradska/st-dalfour-pomazanka-merunkova-itemid-681b5abffcbd67bf7a8f4ad7",
      "image_url": "https://imageproxy.wolt.com/menu/menu-images/63ad795db242366d1f818f36/15aef91a-2b47-11f0-ae7d-ea8a0cf88baf_26049656.jpg",
      "categories": [
        "TRVANLIVÉ",
        "KONZERVOVANÉ POTR."
      ],
      "prices": [
        {
          "store_name": "Albert",
          "price": 99.9,
          "original_price": null,
          "unit_price": 351.76,
          "unit": "Kg",
          "package_size": "284 g",
          "condition": null
        }
      ],
      "description": null
    },
    {
      "name": "Fino Fólie potravinová",
      "brand": "Fino",
      "product_url": "https://wolt.com/cs/cze/prague/venue/albert-vinohradska/fino-folie-potravinova-itemid-64ca0b7cba162577de489e82",
      "image_url": "https://imageproxy.wolt.com/menu/menu-images/64ffec4406cca0140dfab831/21b2aa74-8eb1-11ee-8122-fe2992cf6bd0_24221658.jpg",
      "categories": [
        "DOMÁCNOST A ZAHRADA",
        "KUCHYŇSKÉ POTŘEBY"
      ],
      "prices": [
        {
          "store_name": "Albert",
          "price": 49.9,
          "original_price": null,
          "unit_price": 1.66,
          "unit": "ks",
          "package_size": "‪30‬ kusů",
          "condition": null
        }
      ],
      "description": null
    },
    {
      "name": "World's Market Tortilla chips s chilli",
      "brand": "World's Market",
      "product_url": "https://wolt.com/cs/cze/prague/venue/albert-vinohradska/world-s-market-tortilla-chips-s-chilli-itemid-64ca0b7cba162577de489a8c",
      "image_url": "https://imageproxy.wolt.com/menu/menu-images/63ad795db242366d1f818f36/418a8cda-0608-11ef-8380-ae2be28bebd7_24980975.jpg",
      "categories": [
        "TRVANLIVÉ",
        "SLANÉ"
      ],
      "prices": [
        {
          "store_name": "Albert",
          "price": 39.9,
          "original_price": null,
          "unit_price": 266.0,
          "unit": "Kg",
          "package_size": "150 g",
          "condition": null
        }
      ],
      "description": null
    },
    {
      "name": "Aloe Vera Original",
      "brand": "Aloe",
      "product_url": "https://wolt.com/cs/cze/prague/venue/albert-vinohradska/aloe-vera-original-itemid-657233256818b938df947c25",
      "image_url": "https://imageproxy.wolt.com/menu/menu-images/64ffec4406cca0140dfab831/143e8192-8ebb-11ee-ada5-8e381a14ed80_26734026.jpg",
      "categories": [
        "NÁPOJE",
        "DŽUSY A NEKTARY"
      ],
      "prices": [
        {
          "store_name": "Albert",
          "price": 69.9,
          "original_price": null,
          "unit_price": 46.6,
          "unit": "l",
          "package_size": "1,5 l",
          "condition": null
        }
      ],
      "description": null
    },
    {
      "name": "Rauch Happy Day 100% pomeranč s dužinou",
      "brand": "Rauch",
      "product_url": "https://wolt.com/cs/cze/prague/venue/albert-vinohradska/rauch-happy-day-100-pomeranc-s-duzinou-itemid-64ca0b7cba162577de48905c",
      "image_url": "https://imageproxy.wolt.com/menu/menu-images/64ffec4406cca0140dfab831/a86f2d74-8eae-11ee-b2b0-f6745e48ee46_22661012.jpg",
      "categories": [
        "NÁPOJE",
        "DŽUSY A NEKTARY"
      ],
      "prices": [
        {
          "store_name": "Albert",
          "price": 74.9,
          "original_price": null,
          "unit_price": 74.9,
          "unit": "l",
          "package_size": "1 l",
          "condition": null
        }
      ],
      "description": null
    },
    {
      "name": "Borotalco Active Citrus Antiperspirant sprej",
      "brand": "Borotalco",
      "product_url": "https://wolt.com/cs/cze/prague/venue/albert-vinohradska/borotalco-active-citrus-antiperspirant-sprej-itemid-64ca0b7cba162577de488e81",
      "image_url": "https://imageproxy.wolt.com/menu/menu-images/64ffec4406cca0140dfab831/2f98cffe-8ebd-11ee-89ea-fe8631c3d5e9_26926667.jpg",
      "categories": [
        "DROGERIE A KOSMETIKA",
        "DEODORANTY"
      ],
      "prices": [
        {
          "store_name": "Albert",
          "price": 108.9,
          "original_price": null,
          "unit_price": 726.0,
          "unit": "l",
          "package_size": "150 ml",
          "condition": null
        }
      ],
      "description": null
    },
    {
      "name": "Albert Majoránka",
      "brand": "Albert",
      "product_url": "https://wolt.com/cs/cze/prague/venue/albert-vinohradska/albert-majoranka-itemid-64ca0b7cba162577de488197",
      "image_url": "https://imageproxy.wolt.com/menu/menu-images/64ffec4406cca0140dfab831/d9298e5e-8ec3-11ee-b35d-2254ad732fe4_27427798.jpg",
      "categories": [
        "TRVANLIVÉ",
        "KOŘENÍ A OCHUCOVADLA"
      ],
      "prices": [
        {
          "store_name": "Albert",
          "price": 13.9,
          "original_price": null,
          "unit_price": 695.0,
          "unit": "Kg",
          "package_size": "20 g",
          "condition": null
        }
      ],
      "description": null
    },
    {
      "name": "Bref Color Aktiv Lavender WC blok",
      "brand": "Bref",
      "product_url": "https://wolt.com/cs/cze/prague/venue/albert-vinohradska/bref-color-aktiv-lavender-wc-blok-itemid-64ca0b7cba162577de489096",
      "image_url": "https://imageproxy.wolt.com/menu/menu-images/64ffec4406cca0140dfab831/a51c40e0-8ebc-11ee-959d-ea9b0480a229_26853505.jpg",
      "categories": [
        "DROGERIE A KOSMETIKA",
        "ČISTÍCÍ PROSTŘEDKY"
      ],
      "prices": [
        {
          "store_name": "Albert",
          "price": null,
          "original_price": null,
          "unit_price": 466.0,
          "unit": "Kg",
          "package_size": "150 g",
          "condition": "Sleva"
        }
      ],
      "description": null
    },
    {
      "name": "Albert Excellent Tapas Olivy se sýrem bez pecky",
      "brand": "Albert Excellent",
      "product_url": "https://wolt.com/cs/cze/prague/venue/albert-vinohradska/albert-excellent-tapas-olivy-se-syrem-bez-pecky-itemid-64ca0b7cba162577de48971f",
      "image_url": "https://imageproxy.wolt.com/menu/menu-images/63ad795db242366d1f818f36/958db3be-8e26-11f0-b81f-d638748799e8_27643631.jpg",
      "categories": [
        "UZENINY A LAHŮDKY",
        "TAPAS"
      ],
      "prices": [
        {
          "store_name": "Albert",
          "price": 79.0,
          "original_price": null,
          "unit_price": 607.69,
          "unit": "Kg",
          "package_size": "130 g",
          "condition": null
        }
      ],
      "description": null
    },
    {
      "name": "Gliss Ultimate Repair posilující šampon",
      "brand": "Gliss",
      "product_url": "https://wolt.com/cs/cze/prague/venue/albert-vinohradska/gliss-ultimate-repair-posilujici-sampon-itemid-64ca0b7cba162577de489efb",
      "image_url": "https://imageproxy.wolt.com/menu/menu-images/64ffec4406cca0140dfab831/660bad26-8eb4-11ee-8b4f-8e50ebf9f3ec_25312256.jpg",
      "categories": [
        "DROGERIE A KOSMETIKA",
        "PÉČE O VLASY"
      ],
      "prices": [
        {
          "store_name": "Albert",
          "price": 119.9,
          "original_price": null,
          "unit_price": 299.75,
          "unit": "l",
          "package_size": "400 ml",
          "condition": null
        }
      ],
      "description": null
    },
    {
      "name": "Efko Pálivé feferony",
      "brand": "Efko",
      "product_url": "https://wolt.com/cs/cze/prague/venue/albert-vinohradska/efko-palive-feferony-itemid-64ca0b7cba162577de48a229",
      "image_url": "https://imageproxy.wolt.com/menu/menu-images/64ffec4406cca0140dfab831/b5d06ba6-8eb6-11ee-bbce-b6077702759d_25818086.jpg",
      "categories": [
        "TRVANLIVÉ",
        "KONZERVOVANÉ POTR."
      ],
      "prices": [
        {
          "store_name": "Albert",
          "price": 57.9,
          "original_price": null,
          "unit_price": 373.55,
          "unit": "Kg",
          "package_size": "155 g",
          "condition": null
        }
      ],
      "description": null
    },
    {
      "name": "Gourmet Gold Multipack kousky ve šťávě",
      "brand": "Gourmet",
      "product_url": "https://wolt.com/cs/cze/prague/venue/albert-vinohradska/gourmet-gold-multipack-kousky-ve-stave-itemid-64ca0b7cba162577de48a20f",
      "image_url": "https://imageproxy.wolt.com/menu/menu-images/64ffec4406cca0140dfab831/f42f8bac-8eb6-11ee-b1d2-c6aa6b123400_25865554.jpg",
      "categories": [
        "ZVÍŘATA",
        "KOČKY"
      ],
      "prices": [
        {
          "store_name": "Albert",
          "price": 219.0,
          "original_price": null,
          "unit_price": 214.71,
          "unit": "Kg",
          "package_size": "1,02 kg",
          "condition": null
        }
      ],
      "description": null
    },
    {
      "name": "Albert Duetky s tvarohovou náplní",
      "brand": "Albert",
      "product_url": "https://wolt.com/cs/cze/prague/venue/albert-vinohradska/albert-duetky-s-tvarohovou-naplni-itemid-64ca0b7cba162577de4890f5",
      "image_url": "https://imageproxy.wolt.com/menu/menu-images/64ffec4406cca0140dfab831/159b5e32-8eb3-11ee-9e62-02d10f7fce64_24955478.jpg",
      "categories": [
        "PEKÁRNA A CUKRÁRNA",
        "SLADKÉ PEČIVO BALENÉ"
      ],
      "prices": [
        {
          "store_name": "Albert",
          "price": null,
          "original_price": null,
          "unit_price": 135.91,
          "unit": "Kg",
          "package_size": "220 g",
          "condition": "Sleva"
        }
      ],
      "description": null
    },
    {
      "name": "Schauma Repair & Protect šampon",
      "brand": "Schauma",
      "product_url": "https://wolt.com/cs/cze/prague/venue/albert-vinohradska/schauma-repair-protect-sampon-itemid-64ca0b7cba162577de4899e8",
      "image_url": "https://imageproxy.wolt.com/menu/menu-images/64ffec4406cca0140dfab831/ac1990ba-8eb1-11ee-ae52-7217cc85b990_24481526.jpg",
      "categories": [
        "DROGERIE A KOSMETIKA",
        "PÉČE O VLASY"
      ],
      "prices": [
        {
          "store_name": "Albert",
          "price": 97.9,
          "original_price": null,
          "unit_price": 244.75,
          "unit": "l",
          "package_size": "400 ml",
          "condition": null
        }
      ],
      "description": null
    },
    {
      "name": "Viva Pekelníkovy tousty",
      "brand": "Viva",
      "product_url": "https://wolt.com/cs/cze/prague/venue/albert-vinohradska/viva-pekelnikovy-tousty-itemid-657233256818b938df948844",
      "image_url": "https://imageproxy.wolt.com/menu/menu-images/64ffec4406cca0140dfab831/9826a74e-8eb3-11ee-b550-76d8d681f910_25080049.jpg",
      "categories": [
        "UZENINY A LAHŮDKY",
        "LAHŮDKY"
      ],
      "prices": [
        {
          "store_name": "Albert",
          "price": 36.9,
          "original_price": null,
          "unit_price": 307.5,
          "unit": "Kg",
          "package_size": "120 g",
          "condition": null
        }
      ],
      "description": null
    },
    {
      "name": "La Bohéma Vodka 37,5%",
      "brand": "La Bohéma",
      "product_url": "https://wolt.com/cs/cze/prague/venue/albert-vinohradska/la-bohema-vodka-37-5-itemid-64ca0b7cba162577de4888bb",
      "image_url": "https://imageproxy.wolt.com/menu/menu-images/64ffec4406cca0140dfab831/8f5eda1e-8ec2-11ee-b8f7-ce752cd7e428_27306604.jpg",
      "categories": [
        "NÁPOJE",
        "LIHOVINY"
      ],
      "prices": [
        {
          "store_name": "Albert",
          "price": 144.9,
          "original_price": null,
          "unit_price": 289.8,
          "unit": "l",
          "package_size": "500 ml, 37,5% alc",
          "condition": "18+"
        }
      ],
      "description": null
    },
    {
      "name": "Chléb pětistovka",
      "brand": "Chléb",
      "product_url": "https://wolt.com/cs/cze/prague/venue/albert-vinohradska/chleb-petistovka-itemid-64ca0b7cba162577de488355",
      "image_url": "https://imageproxy.wolt.com/menu/menu-images/64ffec4406cca0140dfab831/04212fc6-8eb6-11ee-908c-3ed0b25e551d_25676471.jpg",
      "categories": [
        "PEKÁRNA A CUKRÁRNA",
        "CHLÉB VOLNÝ"
      ],
      "prices": [
        {
          "store_name": "Albert",
          "price": 29.9,
          "original_price": null,
          "unit_price": 59.8,
          "unit": "Kg",
          "package_size": "500 g",
          "condition": "Vyprodáno"
        }
      ],
      "description": null
    },
    {
      "name": "Albert Excellent Rajčata soudková keříková",
      "brand": "Albert Excellent",
      "product_url": "https://wolt.com/cs/cze/prague/venue/albert-vinohradska/albert-excellent-rajcata-soudkova-kerikova-itemid-64ca0b7cba162577de4889bf",
      "image_url": "https://imageproxy.wolt.com/menu/menu-images/63ad795db242366d1f818f36/76d2f63c-97c2-11f0-ae1e-d284ef72c6d5_24905817.jpg",
      "categories": [
        "OVOCE A ZELENINA",
        "ZELENINA"
      ],
      "prices": [
        {
          "store_name": "Albert",
          "price": 89.9,
          "original_price": null,
          "unit_price": 299.67,
          "unit": "Kg",
          "package_size": "300 g",
          "condition": null
        }
      ],
      "description": null
    },
    {
      "name": "Hello Ovocná přesnídávka s broskvemi",
      "brand": "Hello",
      "product_url": "https://wolt.com/cs/cze/prague/venue/albert-vinohradska/hello-ovocna-presnidavka-s-broskvemi-itemid-64ca0b7cba162577de4890db",
      "image_url": "https://imageproxy.wolt.com/menu/menu-images/63ad795db242366d1f818f36/f144ad64-7825-11f0-8127-964402471bda_23271708.jpg",
      "categories": [
        "DÍTĚ",
        "VÝŽIVA"
      ],
      "prices": [
        {
          "store_name": "Albert",
          "price": 11.9,
          "original_price": null,
          "unit_price": 62.63,
          "unit": "Kg",
          "package_size": "190 g",
          "condition": null
        }
      ],
      "description": null
    },
    {
      "name": "Perla Máslová se špetkou soli",
      "brand": "Perla",
      "product_url": "https://wolt.com/cs/cze/prague/venue/albert-vinohradska/perla-maslova-se-spetkou-soli-itemid-657233256818b938df947d3b",
      "image_url": "https://imageproxy.wolt.com/menu/menu-images/64ffec4406cca0140dfab831/b5db7f58-8ec7-11ee-b219-fedb83882cb3_27673638.jpg",
      "categories": [
        "MLÉČNÉ A CHLAZENÉ",
        "MÁSLO A TUKY"
      ],
      "prices": [
        {
          "store_name": "Albert",
          "price": 54.9,
          "original_price": null,
          "unit_price": 122.0,
          "unit": "Kg",
          "package_size": "450 g",
          "condition": null
        }
      ],
      "description": null
    },
    {
      "name": "Sanytol Dezinfekce čistič podlah eukalyptus",
      "brand": "Sanytol",
      "product_url": "https://wolt.com/cs/cze/prague/venue/albert-vinohradska/sanytol-dezinfekce-cistic-podlah-eukalyptus-itemid-64ca0b7cba162577de488e43",
      "image_url": "https://imageproxy.wolt.com/menu/menu-images/63ad795db242366d1f818f36/34e62cb8-4e4d-11ef-8dfc-4ac1df006a34_24843812.jpg",
      "categories": [
        "DROGERIE A KOSMETIKA",
        "ČISTÍCÍ PROSTŘEDKY"
      ],
      "prices": [
        {
          "store_name": "Albert",
          "price": 109.9,
          "original_price": null,
          "unit_price": 109.9,
          "unit": "l",
          "package_size": "1 l",
          "condition": null
        }
      ],
      "description": null
    },
    {
      "name": "Pedro Pendrekové kostky",
      "brand": "Pedro",
      "product_url": "https://wolt.com/cs/cze/prague/venue/albert-vinohradska/pedro-pendrekove-kostky-itemid-64ca0b7cba162577de4887f1",
      "image_url": "https://imageproxy.wolt.com/menu/menu-images/64ffec4406cca0140dfab831/3a65a2d4-8eba-11ee-8f5f-7a99d2fb2f9f_26588742.jpg",
      "categories": [
        "TRVANLIVÉ",
        "SLADKOSTI"
      ],
      "prices": [
        {
          "store_name": "Albert",
          "price": 48.9,
          "original_price": null,
          "unit_price": 244.5,
          "unit": "Kg",
          "package_size": "200 g",
          "condition": null
        }
      ],
      "description": null
    },
    {
      "name": "Müller Mix Choco Stars s makadamovými ořechy",
      "brand": "Müller",
      "product_url": "https://wolt.com/cs/cze/prague/venue/albert-vinohradska/muller-mix-choco-stars-s-makadamovymi-orechy-itemid-64ca0b7cba162577de488309",
      "image_url": "https://imageproxy.wolt.com/menu/menu-images/63ad795db242366d1f818f36/620067c6-8e26-11f0-8734-d27f170c39cd_24863773.jpg",
      "categories": [
        "MLÉČNÉ A CHLAZENÉ",
        "JOGURTY A DEZERTY"
      ],
      "prices": [
        {
          "store_name": "Albert",
          "price": 22.9,
          "original_price": null,
          "unit_price": 176.15,
          "unit": "Kg",
          "package_size": "130 g",
          "condition": null
        }
      ],
      "description": null
    },
    {
      "name": "Fit tyčinka Smoothie rebarbora a jahoda",
      "brand": "Fit",
      "product_url": "https://wolt.com/cs/cze/prague/venue/albert-vinohradska/fit-tycinka-smoothie-rebarbora-a-jahoda-itemid-66020c451f02da216ff2f85a",
      "image_url": "https://imageproxy.wolt.com/menu/menu-images/6601c613e48d1c8d95333085/9b59cd10-eae3-11ee-9762-4a7a54ed4665_27083567.jpg",
      "categories": [
        "TRVANLIVÉ",
        "MÜSLI A CEREÁLIE"
      ],
      "prices": [
        {
          "store_name": "Albert",
          "price": 19.9,
          "original_price": null,
          "unit_price": 621.88,
          "unit": "Kg",
          "package_size": "32 g",
          "condition": null
        }
      ],
      "description": null
    },
    {
      "name": "Perla Černý čaj English Breakfast",
      "brand": "Perla",
      "product_url": "https://wolt.com/cs/cze/prague/venue/albert-vinohradska/perla-cerny-caj-english-breakfast-itemid-651c876043f440b4b78e9877",
      "image_url": "https://imageproxy.wolt.com/menu/menu-images/64ffec4406cca0140dfab831/d929c1b0-8eca-11ee-9dc6-bab2f6e95cd6_27791110.jpg",
      "categories": [
        "NÁPOJE",
        "KÁVA A ČAJ"
      ],
      "prices": [
        {
          "store_name": "Albert",
          "price": 29.9,
          "original_price": null,
          "unit_price": 996.67,
          "unit": "Kg",
          "package_size": "30 g",
          "condition": null
        }
      ],
      "description": null
    },
    {
      "name": "KK Pražené arašídy solené",
      "brand": "KK",
      "product_url": "https://wolt.com/cs/cze/prague/venue/albert-vinohradska/kk-prazene-arasidy-solene-itemid-64ca0b7cba162577de489d02",
      "image_url": "https://imageproxy.wolt.com/menu/menu-images/64ffec4406cca0140dfab831/5ffa9936-8eac-11ee-a5e8-96106fe39af5_20303273.jpg",
      "categories": [
        "TRVANLIVÉ",
        "SLANÉ"
      ],
      "prices": [
        {
          "store_name": "Albert",
          "price": 79.9,
          "original_price": null,
          "unit_price": 351.98,
          "unit": "Kg",
          "package_size": "227 g",
          "condition": null
        }
      ],
      "description": null
    },
    {
      "name": "Bref Color Aktiv Eucalyptus tuhý WC blok",
      "brand": "Bref",
      "product_url": "https://wolt.com/cs/cze/prague/venue/albert-vinohradska/bref-color-aktiv-eucalyptus-tuhy-wc-blok-itemid-64ca0b7cba162577de488ebd",
      "image_url": "https://imageproxy.wolt.com/menu/menu-images/64ffec4406cca0140dfab831/e8eab214-8eb9-11ee-9fbf-ca3c3355ab39_26529516.jpg",
      "categories": [
        "DROGERIE A KOSMETIKA",
        "ČISTÍCÍ PROSTŘEDKY"
      ],
      "prices": [
        {
          "store_name": "Albert",
          "price": null,
          "original_price": null,
          "unit_price": 466.0,
          "unit": "Kg",
          "package_size": "150 g",
          "condition": "Sleva"
        }
      ],
      "description": null
    },
    {
      "name": "Emma Müsli zapékané jahodové",
      "brand": "Emma",
      "product_url": "https://wolt.com/cs/cze/prague/venue/albert-vinohradska/emma-musli-zapekane-jahodove-itemid-64ca0b7cba162577de488721",
      "image_url": "https://imageproxy.wolt.com/menu/menu-images/63ad795db242366d1f818f36/e015b8e6-b45c-11ee-9888-92407941b5bf_24702492.jpg",
      "categories": [
        "TRVANLIVÉ",
        "MÜSLI A CEREÁLIE"
      ],
      "prices": [
        {
          "store_name": "Albert",
          "price": 45.9,
          "original_price": null,
          "unit_price": 131.14,
          "unit": "Kg",
          "package_size": "350 g",
          "condition": null
        }
      ],
      "description": null
    },
    {
      "name": "Albert Papriky chilli mix",
      "brand": "Albert",
      "product_url": "https://wolt.com/cs/cze/prague/venue/albert-vinohradska/albert-papriky-chilli-mix-itemid-64ca0b7cba162577de488e91",
      "image_url": "https://imageproxy.wolt.com/menu/menu-images/64ffec4406cca0140dfab831/0a31a3b8-8ead-11ee-8a4e-12ad6b72684e_20452094.jpg",
      "categories": [
        "OVOCE A ZELENINA",
        "ZELENINA"
      ],
      "prices": [
        {
          "store_name": "Albert",
          "price": 32.9,
          "original_price": null,
          "unit_price": 658.0,
          "unit": "Kg",
          "package_size": "50 g",
          "condition": null
        }
      ],
      "description": null
    },
    {
      "name": "Habánské sklepy červené Zweigeltrebe",
      "brand": "Habánské sklepy",
      "product_url": "https://wolt.com/cs/cze/prague/venue/albert-vinohradska/habanske-sklepy-cervene-zweigeltrebe-itemid-657233256818b938df947966",
      "image_url": "https://imageproxy.wolt.com/menu/menu-images/64ffec4406cca0140dfab831/a0793b3c-8eae-11ee-9e5a-3e3f8d1903a2_22634177.jpg",
      "categories": [
        "NÁPOJE",
        "VÍNA"
      ],
      "prices": [
        {
          "store_name": "Albert",
          "price": 119.9,
          "original_price": null,
          "unit_price": 159.87,
          "unit": "l",
          "package_size": "750 ml, 12,5% alc",
          "condition": "18+"
        }
      ],
      "description": null
    },
    {
      "name": "Fresh Bistro Polévka luštěninová s obilovinami",
      "brand": "Fresh Bistro",
      "product_url": "https://wolt.com/cs/cze/prague/venue/albert-vinohradska/fresh-bistro-polevka-lusteninova-s-obilovinami-itemid-64ca0b7cba162577de488b3d",
      "image_url": "https://imageproxy.wolt.com/menu/menu-images/64ffec4406cca0140dfab831/61cdf354-8ebe-11ee-9a1a-461ac7d1f05d_27026700.jpg",
      "categories": [
        "UZENINY A LAHŮDKY",
        "HOTOVKY A PŘÍLOHY"
      ],
      "prices": [
        {
          "store_name": "Albert",
          "price": 56.9,
          "original_price": null,
          "unit_price": 142.25,
          "unit": "Kg",
          "package_size": "400 g",
          "condition": null
        }
      ],
      "description": null
    },
    {
      "name": "Sommelier Collection Prosecco DOCG",
      "brand": "Sommelier",
      "product_url": "https://wolt.com/cs/cze/prague/venue/albert-vinohradska/sommelier-collection-prosecco-docg-itemid-657233256818b938df947da1",
      "image_url": "https://imageproxy.wolt.com/menu/menu-images/63ad795db242366d1f818f36/34c4ee7e-a8ea-11f0-aa01-72a00858bc28_27749210.jpg",
      "categories": [
        "NÁPOJE",
        "VÍNA"
      ],
      "prices": [
        {
          "store_name": "Albert",
          "price": 299.0,
          "original_price": null,
          "unit_price": 398.67,
          "unit": "l",
          "package_size": "750 ml, 11% alc",
          "condition": "18+"
        }
      ],
      "description": null
    },
    {
      "name": "Kempy Maďarský guláš",
      "brand": "Kempy",
      "product_url": "https://wolt.com/cs/cze/prague/venue/albert-vinohradska/kempy-madarsky-gulas-itemid-64ca0b7cba162577de4898ff",
      "image_url": "https://imageproxy.wolt.com/menu/menu-images/64ffec4406cca0140dfab831/b751af7a-8ec1-11ee-a817-f29ca2c99672_27258170.jpg",
      "categories": [
        "TRVANLIVÉ",
        "KONZERVOVANÉ POTR."
      ],
      "prices": [
        {
          "store_name": "Albert",
          "price": 49.9,
          "original_price": null,
          "unit_price": 124.75,
          "unit": "Kg",
          "package_size": "400 g",
          "condition": null
        }
      ],
      "description": null
    },
    {
      "name": "Mlékárna Kunín Mléčná rýže maxi",
      "brand": "Mlékárna Kunín",
      "product_url": "https://wolt.com/cs/cze/prague/venue/albert-vinohradska/mlekarna-kunin-mlecna-ryze-maxi-itemid-64ca0b7cba162577de489950",
      "image_url": "https://imageproxy.wolt.com/menu/menu-images/63ad795db242366d1f818f36/4d510df4-e818-11ee-9220-e63576f4a113_25268843.jpg",
      "categories": [
        "MLÉČNÉ A CHLAZENÉ",
        "JOGURTY A DEZERTY"
      ],
      "prices": [
        {
          "store_name": "Albert",
          "price": 54.9,
          "original_price": null,
          "unit_price": 122.0,
          "unit": "Kg",
          "package_size": "450 g",
          "condition": null
        }
      ],
      "description": null
    },
    {
      "name": "Sanpellegrino Aranciata pomeranč",
      "brand": "Sanpellegrino",
      "product_url": "https://wolt.com/cs/cze/prague/venue/albert-vinohradska/sanpellegrino-aranciata-pomeranc-itemid-64ca0b7cba162577de48a682",
      "image_url": "https://imageproxy.wolt.com/menu/menu-images/64ffec4406cca0140dfab831/053b1268-8ec1-11ee-bd14-52a4ddf1765f_27207680.jpg",
      "categories": [
        "NÁPOJE",
        "LIMONÁDY"
      ],
      "prices": [
        {
          "store_name": "Albert",
          "price": 37.9,
          "original_price": null,
          "unit_price": 114.85,
          "unit": "l",
          "package_size": "330 ml",
          "condition": null
        }
      ],
      "description": null
    },
    {
      "name": "Menu Gold Hrách žlutý loupaný půlený",
      "brand": "Menu",
      "product_url": "https://wolt.com/cs/cze/prague/venue/albert-vinohradska/menu-gold-hrach-zluty-loupany-puleny-itemid-64ca0b7cba162577de489b95",
      "image_url": "https://imageproxy.wolt.com/menu/menu-images/64ffec4406cca0140dfab831/4f565bfc-8eb5-11ee-9e16-02d10f7fce64_25535761.jpg",
      "categories": [
        "TRVANLIVÉ",
        "RÝŽE A VAŘENÍ"
      ],
      "prices": [
        {
          "store_name": "Albert",
          "price": null,
          "original_price": null,
          "unit_price": 31.8,
          "unit": "Kg",
          "package_size": "500 g",
          "condition": "Sleva"
        }
      ],
      "description": null
    },
    {
      "name": "Emma Mandle",
      "brand": "Emma",
      "product_url": "https://wolt.com/cs/cze/prague/venue/albert-vinohradska/emma-mandle-itemid-64ca0b7cba162577de489041",
      "image_url": "https://imageproxy.wolt.com/menu/menu-images/63ad795db242366d1f818f36/de6fb38e-d995-11ef-98f7-66e885326122_23726086.jpg",
      "categories": [
        "OVOCE A ZELENINA",
        "SUCHÉ PLODY"
      ],
      "prices": [
        {
          "store_name": "Albert",
          "price": 129.9,
          "original_price": null,
          "unit_price": 259.8,
          "unit": "Kg",
          "package_size": "500 g",
          "condition": null
        }
      ],
      "description": null
    },
    {
      "name": "Corny BIG cereální tyčinka banán",
      "brand": "Corny",
      "product_url": "https://wolt.com/cs/cze/prague/venue/albert-vinohradska/corny-big-cerealni-tycinka-banan-itemid-64ca0b7cba162577de488c7f",
      "image_url": "https://imageproxy.wolt.com/menu/menu-images/64ffec4406cca0140dfab831/dabff1ec-8f48-11ee-bf1d-428285d11e29_22659682.jpg",
      "categories": [
        "TRVANLIVÉ",
        "MÜSLI A CEREÁLIE"
      ],
      "prices": [
        {
          "store_name": "Albert",
          "price": null,
          "original_price": null,
          "unit_price": 318.0,
          "unit": "Kg",
          "package_size": "50 g",
          "condition": "Sleva"
        }
      ],
      "description": null
    },
    {
      "name": "Pepsi zero sugar",
      "brand": "Pepsi",
      "product_url": "https://wolt.com/cs/cze/prague/venue/albert-vinohradska/pepsi-zero-sugar-itemid-64ca0b7cba162577de4895c6",
      "image_url": "https://imageproxy.wolt.com/menu/menu-images/63ad795db242366d1f818f36/3cfba932-e818-11ee-a35a-366290ba1f2a_20404086.jpg",
      "categories": [
        "NÁPOJE",
        "LIMONÁDY"
      ],
      "prices": [
        {
          "store_name": "Albert",
          "price": 22.9,
          "original_price": null,
          "unit_price": 69.39,
          "unit": "l",
          "package_size": "330 ml",
          "condition": null
        }
      ],
      "description": null
    },
    {
      "name": "Lay's Oven Baked solené",
      "brand": "Lay's",
      "product_url": "https://wolt.com/cs/cze/prague/venue/albert-vinohradska/lay-s-oven-baked-solene-itemid-64ca0b7cba162577de48a708",
      "image_url": "https://imageproxy.wolt.com/menu/menu-images/64ffec4406cca0140dfab831/511ccbb4-8eca-11ee-8cf6-86520451eef5_27775059.jpg",
      "categories": [
        "TRVANLIVÉ",
        "SLANÉ"
      ],
      "prices": [
        {
          "store_name": "Albert",
          "price": 39.9,
          "original_price": null,
          "unit_price": 362.73,
          "unit": "Kg",
          "package_size": "110 g",
          "condition": null
        }
      ],
      "description": null
    },
    {
      "name": "Pepř Zelený",
      "brand": "Pepř",
      "product_url": "https://wolt.com/cs/cze/prague/venue/albert-vinohradska/pepr-zeleny-itemid-64ca0b7cba162577de48977b",
      "image_url": "https://imageproxy.wolt.com/menu/menu-images/64ffec4406cca0140dfab831/874dbe98-8eaf-11ee-93ee-2a31a2186d9b_23344648.jpg",
      "categories": [
        "TRVANLIVÉ",
        "KONZERVOVANÉ POTR."
      ],
      "prices": [
        {
          "store_name": "Albert",
          "price": 45.9,
          "original_price": null,
          "unit_price": 706.15,
          "unit": "Kg",
          "package_size": "65 g",
          "condition": null
        }
      ],
      "description": null
    },
    {
      "name": "Albert Mrkev baby",
      "brand": "Albert",
      "product_url": "https://wolt.com/cs/cze/prague/venue/albert-vinohradska/albert-mrkev-baby-itemid-6876153a0c6218e9f3e5f423",
      "image_url": "https://imageproxy.wolt.com/menu/menu-images/64b62ec5e5ab70cdc92e30f0/f1ac48a2-616e-11f0-8b6b-7ad3a1889474_26210438.jpg",
      "categories": [
        "MRAŽENÉ POTRAVINY",
        "MRAŽENÉ OVOCE A ZELENINA"
      ],
      "prices": [
        {
          "store_name": "Albert",
          "price": 27.9,
          "original_price": null,
          "unit_price": 79.71,
          "unit": "Kg",
          "package_size": "350 g",
          "condition": null
        }
      ],
      "description": null
    },
    {
      "name": "Perrier Minerální voda",
      "brand": "Perrier",
      "product_url": "https://wolt.com/cs/cze/prague/venue/albert-vinohradska/perrier-mineralni-voda-itemid-657233256818b938df9488ec",
      "image_url": "https://imageproxy.wolt.com/menu/menu-images/64ffec4406cca0140dfab831/d7f26b06-8eb8-11ee-b36e-b287692f5450_26300962.jpg",
      "categories": [
        "NÁPOJE",
        "VODY A MINERÁLKY"
      ],
      "prices": [
        {
          "store_name": "Albert",
          "price": 45.9,
          "original_price": null,
          "unit_price": 45.9,
          "unit": "l",
          "package_size": "1 l",
          "condition": null
        }
      ],
      "description": null
    },
    {
      "name": "Persil Power Universal prací prášek",
      "brand": "Persil",
      "product_url": "https://wolt.com/cs/cze/prague/venue/albert-vinohradska/persil-power-universal-praci-prasek-itemid-64ca0b7cba162577de489d44",
      "image_url": "https://imageproxy.wolt.com/menu/menu-images/63ad795db242366d1f818f36/573dd274-9796-11ef-a1ef-32d3b40b2f93_25571820.jpg",
      "categories": [
        "DROGERIE A KOSMETIKA",
        "PRACÍ PROSTŘEDKY"
      ],
      "prices": [
        {
          "store_name": "Albert",
          "price": null,
          "original_price": null,
          "unit_price": 6.23,
          "unit": "ks",
          "package_size": "‪40‬ kusů",
          "condition": "Sleva"
        }
      ],
      "description": null
    },
    {
      "name": "WC Net Professional Gel na ucpané odpady",
      "brand": "WC",
      "product_url": "https://wolt.com/cs/cze/prague/venue/albert-vinohradska/wc-net-professional-gel-na-ucpane-odpady-itemid-64ca0b7cba162577de489480",
      "image_url": "https://imageproxy.wolt.com/menu/menu-images/63ad795db242366d1f818f36/cd728d9c-ed43-11ef-924e-962dfd259aaa_24338288.jpg",
      "categories": [
        "DROGERIE A KOSMETIKA",
        "ČISTÍCÍ PROSTŘEDKY"
      ],
      "prices": [
        {
          "store_name": "Albert",
          "price": 108.9,
          "original_price": null,
          "unit_price": 108.9,
          "unit": "l",
          "package_size": "1 l",
          "condition": "Věkové omezení"
        }
      ],
      "description": null
    },
    {
      "name": "Tri Stromy Hruškovica 42%",
      "brand": "Tri",
      "product_url": "https://wolt.com/cs/cze/prague/venue/albert-vinohradska/tri-stromy-hruskovica-42-itemid-657233256818b938df9485ec",
      "image_url": "https://imageproxy.wolt.com/menu/menu-images/64ffec4406cca0140dfab831/42df24f0-8ec7-11ee-9c8c-3aebc6ac32b3_27649503.jpg",
      "categories": [
        "NÁPOJE",
        "LIHOVINY"
      ],
      "prices": [
        {
          "store_name": "Albert",
          "price": 399.0,
          "original_price": null,
          "unit_price": 570.0,
          "unit": "l",
          "package_size": "700 ml, 42% alc",
          "condition": "18+"
        }
      ],
      "description": null
    },
    {
      "name": "Albert Termix s vanilkovou příchutí",
      "brand": "Albert",
      "product_url": "https://wolt.com/cs/cze/prague/venue/albert-vinohradska/albert-termix-s-vanilkovou-prichuti-itemid-64ca0b7cba162577de4881f3",
      "image_url": "https://imageproxy.wolt.com/menu/menu-images/64ffec4406cca0140dfab831/18b6f92a-8ebb-11ee-8370-faf7ab9749a2_26736945.jpg",
      "categories": [
        "MLÉČNÉ A CHLAZENÉ",
        "JOGURTY A DEZERTY"
      ],
      "prices": [
        {
          "store_name": "Albert",
          "price": 9.9,
          "original_price": null,
          "unit_price": 110.0,
          "unit": "Kg",
          "package_size": "90 g",
          "condition": null
        }
      ],
      "description": null
    },
    {
      "name": "Templářské sklepy Chardonnay",
      "brand": "Templářské",
      "product_url": "https://wolt.com/cs/cze/prague/venue/albert-vinohradska/templarske-sklepy-chardonnay-itemid-657233256818b938df947b8c",
      "image_url": "https://imageproxy.wolt.com/menu/menu-images/64ffec4406cca0140dfab831/ee128498-8eae-11ee-a109-1af7753b7a63_22910684.jpg",
      "categories": [
        "NÁPOJE",
        "VÍNA"
      ],
      "prices": [
        {
          "store_name": "Albert",
          "price": 79.9,
          "original_price": null,
          "unit_price": 106.53,
          "unit": "l",
          "package_size": "750 ml, 11,5% alc",
          "condition": "18+"
        }
      ],
      "description": null
    },
    {
      "name": "Bonavita Jeníkův lup cereální polštářky",
      "brand": "Bonavita",
      "product_url": "https://wolt.com/cs/cze/prague/venue/albert-vinohradska/bonavita-jenikuv-lup-cerealni-polstarky-itemid-64ca0b7cba162577de489d17",
      "image_url": "https://imageproxy.wolt.com/menu/menu-images/63ad795db242366d1f818f36/e6529dd6-25b3-11f0-af21-baa862072bae_20734572.jpg",
      "categories": [
        "TRVANLIVÉ",
        "MÜSLI A CEREÁLIE"
      ],
      "prices": [
        {
          "store_name": "Albert",
          "price": 69.9,
          "original_price": null,
          "unit_price": 279.6,
          "unit": "Kg",
          "package_size": "250 g",
          "condition": null
        }
      ],
      "description": null
    },
    {
      "name": "Carte d'Or Smetanový dezert borůvka",
      "brand": "Carte",
      "product_url": "https://wolt.com/cs/cze/prague/venue/albert-vinohradska/carte-d-or-smetanovy-dezert-boruvka-itemid-657233256818b938df94887d",
      "image_url": "https://imageproxy.wolt.com/menu/menu-images/64ffec4406cca0140dfab831/c793717a-8ec6-11ee-8837-66f80a096b2a_27623022.jpg",
      "categories": [
        "MLÉČNÉ A CHLAZENÉ",
        "JOGURTY A DEZERTY"
      ],
      "prices": [
        {
          "store_name": "Albert",
          "price": 24.9,
          "original_price": null,
          "unit_price": 177.86,
          "unit": "Kg",
          "package_size": "140 g",
          "condition": null
        }
      ],
      "description": null
    },
    {
      "name": "Zott Protein Pudink příchuť vanilka",
      "brand": "Zott",
      "product_url": "https://wolt.com/cs/cze/prague/venue/albert-vinohradska/zott-protein-pudink-prichut-vanilka-itemid-681b5abffcbd67bf7a8f4a29",
      "image_url": "https://imageproxy.wolt.com/menu/menu-images/63ad795db242366d1f818f36/fad4d8de-7827-11f0-a663-beba87f0e7db_27832691.jpg",
      "categories": [
        "MLÉČNÉ A CHLAZENÉ",
        "JOGURTY A DEZERTY"
      ],
      "prices": [
        {
          "store_name": "Albert",
          "price": 34.9,
          "original_price": null,
          "unit_price": 174.5,
          "unit": "Kg",
          "package_size": "200 g",
          "condition": null
        }
      ],
      "description": null
    },
    {
      "name": "Olma Tradiční pomazánkové natur",
      "brand": "Olma",
      "product_url": "https://wolt.com/cs/cze/prague/venue/albert-vinohradska/olma-tradicni-pomazankove-natur-itemid-64ca0b7cba162577de4893af",
      "image_url": "https://imageproxy.wolt.com/menu/menu-images/63ad795db242366d1f818f36/8e3124ea-cca1-11ee-85a2-e2f8f353ce4f_27745984.jpg",
      "categories": [
        "MLÉČNÉ A CHLAZENÉ",
        "MÁSLO A TUKY"
      ],
      "prices": [
        {
          "store_name": "Albert",
          "price": 39.9,
          "original_price": null,
          "unit_price": 266.0,
          "unit": "Kg",
          "package_size": "150 g",
          "condition": null
        }
      ],
      "description": null
    },
    {
      "name": "Ghíčko Bio přepuštěné máslo",
      "brand": "Ghíčko",
      "product_url": "https://wolt.com/cs/cze/prague/venue/albert-vinohradska/ghicko-bio-prepustene-maslo-itemid-64ca0b7cba162577de4881d1",
      "image_url": "https://imageproxy.wolt.com/menu/menu-images/63ad795db242366d1f818f36/e6e52012-b45c-11ee-aff4-924f9793c852_27555774.jpg",
      "categories": [
        "MLÉČNÉ A CHLAZENÉ",
        "MÁSLO A TUKY"
      ],
      "prices": [
        {
          "store_name": "Albert",
          "price": null,
          "original_price": null,
          "unit_price": 526.47,
          "unit": "l",
          "package_size": "340 ml",
          "condition": "Sleva"
        }
      ],
      "description": null
    },
    {
      "name": "Milko High Protein super jogurt čokoláda",
      "brand": "Milko",
      "product_url": "https://wolt.com/cs/cze/prague/venue/albert-vinohradska/milko-high-protein-super-jogurt-cokolada-itemid-66022ed66f4699e4d4576af8",
      "image_url": "https://imageproxy.wolt.com/menu/menu-images/63ad795db242366d1f818f36/64f82a00-2b47-11f0-b98a-26adcdbea7f7_27843529.jpg",
      "categories": [
        "MLÉČNÉ A CHLAZENÉ",
        "JOGURTY A DEZERTY"
      ],
      "prices": [
        {
          "store_name": "Albert",
          "price": 21.9,
          "original_price": null,
          "unit_price": 146.0,
          "unit": "Kg",
          "package_size": "150 g",
          "condition": null
        }
      ],
      "description": null
    },
    {
      "name": "Fine crispy Popcorn máslový",
      "brand": "Fine",
      "product_url": "https://wolt.com/cs/cze/prague/venue/albert-vinohradska/fine-crispy-popcorn-maslovy-itemid-64ca0b7cba162577de488127",
      "image_url": "https://imageproxy.wolt.com/menu/menu-images/64ffec4406cca0140dfab831/dd363422-8eb2-11ee-b5b9-b6077702759d_24893947.jpg",
      "categories": [
        "TRVANLIVÉ",
        "SLANÉ"
      ],
      "prices": [
        {
          "store_name": "Albert",
          "price": 11.9,
          "original_price": null,
          "unit_price": 119.0,
          "unit": "Kg",
          "package_size": "100 g",
          "condition": null
        }
      ],
      "description": null
    },
    {
      "name": "Nature's Promise Bio Mouka pohanková bez lepku",
      "brand": "Nature's Promise",
      "product_url": "https://wolt.com/cs/cze/prague/venue/albert-vinohradska/nature-s-promise-bio-mouka-pohankova-bez-lepku-itemid-64ca0b7cba162577de48a0b6",
      "image_url": "https://imageproxy.wolt.com/menu/menu-images/64ffec4406cca0140dfab831/0715ee50-8ebc-11ee-9285-c60fee242f1d_26816425.jpg",
      "categories": [
        "TRVANLIVÉ",
        "PEČENÍ A VAŘENÍ"
      ],
      "prices": [
        {
          "store_name": "Albert",
          "price": null,
          "original_price": null,
          "unit_price": 119.8,
          "unit": "Kg",
          "package_size": "500 g",
          "condition": "Sleva"
        }
      ],
      "description": null
    },
    {
      "name": "Ghíčko Bio přepuštěné máslo",
      "brand": "Ghíčko",
      "product_url": "https://wolt.com/cs/cze/prague/venue/albert-vinohradska/ghicko-bio-prepustene-maslo-itemid-657233256818b938df948852",
      "image_url": "https://imageproxy.wolt.com/menu/menu-images/64ffec4406cca0140dfab831/58957ee0-8eca-11ee-8dd6-bab2f6e95cd6_27775202.jpg",
      "categories": [
        "TRVANLIVÉ",
        "MEZINÁRODNÍ KUCHYNĚ"
      ],
      "prices": [
        {
          "store_name": "Albert",
          "price": 449.0,
          "original_price": null,
          "unit_price": 623.61,
          "unit": "l",
          "package_size": "720 ml",
          "condition": null
        }
      ],
      "description": null
    },
    {
      "name": "Gervais Fit Protein Sýr čerstvý tvarohový",
      "brand": "Gervais",
      "product_url": "https://wolt.com/cs/cze/prague/venue/albert-vinohradska/gervais-fit-protein-syr-cerstvy-tvarohovy-itemid-64ca0b7cba162577de489281",
      "image_url": "https://imageproxy.wolt.com/menu/menu-images/63ad795db242366d1f818f36/add8a9f8-5efa-11ef-8f1c-6a6052284313_25871562.jpg",
      "categories": [
        "MLÉČNÉ A CHLAZENÉ",
        "SÝRY"
      ],
      "prices": [
        {
          "store_name": "Albert",
          "price": null,
          "original_price": null,
          "unit_price": 286.25,
          "unit": "Kg",
          "package_size": "80 g",
          "condition": "Sleva"
        }
      ],
      "description": null
    },
    {
      "name": "Vitana Kmín drcený",
      "brand": "Vitana",
      "product_url": "https://wolt.com/cs/cze/prague/venue/albert-vinohradska/vitana-kmin-drceny-itemid-64ca0b7cba162577de489227",
      "image_url": "https://imageproxy.wolt.com/menu/menu-images/64ffec4406cca0140dfab831/c8d5d944-8eba-11ee-a5c2-7217cc85b990_26684895.jpg",
      "categories": [
        "TRVANLIVÉ",
        "KOŘENÍ A OCHUCOVADLA"
      ],
      "prices": [
        {
          "store_name": "Albert",
          "price": 19.9,
          "original_price": null,
          "unit_price": 710.71,
          "unit": "Kg",
          "package_size": "28 g",
          "condition": null
        }
      ],
      "description": null
    },
    {
      "name": "Penam Chléb super sandwich, krájený",
      "brand": "Penam",
      "product_url": "https://wolt.com/cs/cze/prague/venue/albert-vinohradska/penam-chleb-super-sandwich-krajeny-itemid-657233256818b938df947872",
      "image_url": "https://imageproxy.wolt.com/menu/menu-images/64ffec4406cca0140dfab831/ac11bb48-8eb0-11ee-80f0-02d10f7fce64_23928381.jpg",
      "categories": [
        "PEKÁRNA A CUKRÁRNA",
        "CHLÉB BALENÝ"
      ],
      "prices": [
        {
          "store_name": "Albert",
          "price": 36.9,
          "original_price": null,
          "unit_price": 98.4,
          "unit": "Kg",
          "package_size": "375 g",
          "condition": null
        }
      ],
      "description": null
    },
    {
      "name": "Žluva Markogi Ljutenica zeleninová směs pikantní",
      "brand": "Žluva",
      "product_url": "https://wolt.com/cs/cze/prague/venue/albert-vinohradska/zluva-markogi-ljutenica-zeleninova-smes-pikantni-itemid-657233256818b938df948b2b",
      "image_url": "https://imageproxy.wolt.com/menu/menu-images/64ffec4406cca0140dfab831/937b4ff6-8ec7-11ee-bf83-7639dadf697f_27665268.jpg",
      "categories": [
        "TRVANLIVÉ",
        "KONZERVOVANÉ POTR."
      ],
      "prices": [
        {
          "store_name": "Albert",
          "price": 78.9,
          "original_price": null,
          "unit_price": 263.0,
          "unit": "Kg",
          "package_size": "300 g",
          "condition": null
        }
      ],
      "description": null
    },
    {
      "name": "Müller Riso Mléčná rýže příchuť čokoláda",
      "brand": "Müller",
      "product_url": "https://wolt.com/cs/cze/prague/venue/albert-vinohradska/muller-riso-mlecna-ryze-prichut-cokolada-itemid-64ca0b7cba162577de4887c1",
      "image_url": "https://imageproxy.wolt.com/menu/menu-images/64ffec4406cca0140dfab831/a15d27ec-8ebe-11ee-9075-cae320ae1b7e_27039366.jpg",
      "categories": [
        "MLÉČNÉ A CHLAZENÉ",
        "JOGURTY A DEZERTY"
      ],
      "prices": [
        {
          "store_name": "Albert",
          "price": 24.9,
          "original_price": null,
          "unit_price": 124.5,
          "unit": "Kg",
          "package_size": "200 g",
          "condition": null
        }
      ],
      "description": null
    },
    {
      "name": "HiPP Bio Boloňské špagety",
      "brand": "HiPP",
      "product_url": "https://wolt.com/cs/cze/prague/venue/albert-vinohradska/hipp-bio-bolonske-spagety-itemid-657233256818b938df947ec4",
      "image_url": "https://imageproxy.wolt.com/menu/menu-images/64ffec4406cca0140dfab831/9ad4eeae-8eb5-11ee-b54d-3a1814765055_25587715.jpg",
      "categories": [
        "DÍTĚ",
        "VÝŽIVA"
      ],
      "prices": [
        {
          "store_name": "Albert",
          "price": 69.9,
          "original_price": null,
          "unit_price": 279.6,
          "unit": "Kg",
          "package_size": "250 g",
          "condition": "Vyprodáno"
        }
      ],
      "description": null
    },
    {
      "name": "Meggle Cottage bezlaktózový čerstvý sýr",
      "brand": "Meggle",
      "product_url": "https://wolt.com/cs/cze/prague/venue/albert-vinohradska/meggle-cottage-bezlaktozovy-cerstvy-syr-itemid-64ca0b7cba162577de48976a",
      "image_url": "https://imageproxy.wolt.com/menu/menu-images/64ffec4406cca0140dfab831/cf77c6be-8eb9-11ee-b2fe-b287692f5450_26501499.jpg",
      "categories": [
        "MLÉČNÉ A CHLAZENÉ",
        "SÝRY"
      ],
      "prices": [
        {
          "store_name": "Albert",
          "price": 44.9,
          "original_price": null,
          "unit_price": 249.44,
          "unit": "Kg",
          "package_size": "180 g",
          "condition": null
        }
      ],
      "description": null
    },
    {
      "name": "Emco Mysli na zdraví Ovesné sušenky kokosové",
      "brand": "Emco",
      "product_url": "https://wolt.com/cs/cze/prague/venue/albert-vinohradska/emco-mysli-na-zdravi-ovesne-susenky-kokosove-itemid-64ca0b7cba162577de48944b",
      "image_url": "https://imageproxy.wolt.com/menu/menu-images/63ad795db242366d1f818f36/381fa994-0b7d-11ef-912a-ea2b31df3522_23810426.jpg",
      "categories": [
        "TRVANLIVÉ",
        "SLADKOSTI"
      ],
      "prices": [
        {
          "store_name": "Albert",
          "price": 14.9,
          "original_price": null,
          "unit_price": 248.33,
          "unit": "Kg",
          "package_size": "60 g",
          "condition": null
        }
      ],
      "description": null
    },
    {
      "name": "Poděbradka ProLinie Jemně perlivá malina",
      "brand": "Poděbradka",
      "product_url": "https://wolt.com/cs/cze/prague/venue/albert-vinohradska/podebradka-prolinie-jemne-perliva-malina-itemid-657233256818b938df948b45",
      "image_url": "https://imageproxy.wolt.com/menu/menu-images/63ad795db242366d1f818f36/2f696328-7826-11f0-9c2b-92e21b2959a5_26174600.jpg",
      "categories": [
        "NÁPOJE",
        "VODY A MINERÁLKY"
      ],
      "prices": [
        {
          "store_name": "Albert",
          "price": 13.9,
          "original_price": null,
          "unit_price": 9.27,
          "unit": "l",
          "package_size": "1,5 l",
          "condition": null
        }
      ],
      "description": null
    },
    {
      "name": "Svíčka hřbitovní velká olejová",
      "brand": null,
      "product_url": "https://wolt.com/cs/cze/prague/venue/albert-vinohradska/svicka-hrbitovni-velka-olejova-itemid-64ca0b7cba162577de489cdd",
      "image_url": "https://imageproxy.wolt.com/menu/menu-images/64ffec4406cca0140dfab831/cc9ee4da-8eb5-11ee-b590-b6ff72c7a500_25633252.jpg",
      "categories": [
        "DOMÁCNOST A ZAHRADA",
        "SVÍČKY"
      ],
      "prices": [
        {
          "store_name": "Albert",
          "price": 44.9,
          "original_price": null,
          "unit_price": 44.9,
          "unit": "ks",
          "package_size": "‪1‬ kus",
          "condition": null
        }
      ],
      "description": null
    },
    {
      "name": "Albert Parenica uzená",
      "brand": "Albert",
      "product_url": "https://wolt.com/cs/cze/prague/venue/albert-vinohradska/albert-parenica-uzena-itemid-64ca0b7cba162577de4885bd",
      "image_url": "https://imageproxy.wolt.com/menu/menu-images/64ffec4406cca0140dfab831/729ecbe4-8ebf-11ee-ae11-62c80973176d_27117330.jpg",
      "categories": [
        "MLÉČNÉ A CHLAZENÉ",
        "SÝRY"
      ],
      "prices": [
        {
          "store_name": "Albert",
          "price": 37.9,
          "original_price": null,
          "unit_price": 344.55,
          "unit": "Kg",
          "package_size": "110 g",
          "condition": null
        }
      ],
      "description": null
    },
    {
      "name": "Leerdammer Lightlife plátky",
      "brand": "Leerdammer",
      "product_url": "https://wolt.com/cs/cze/prague/venue/albert-vinohradska/leerdammer-lightlife-platky-itemid-64ca0b7cba162577de4880f7",
      "image_url": "https://imageproxy.wolt.com/menu/menu-images/63ad795db242366d1f818f36/70b8071a-9796-11ef-abf1-6a041ee1e26d_25055665.jpg",
      "categories": [
        "MLÉČNÉ A CHLAZENÉ",
        "SÝRY"
      ],
      "prices": [
        {
          "store_name": "Albert",
          "price": 51.9,
          "original_price": null,
          "unit_price": 519.0,
          "unit": "Kg",
          "package_size": "100 g",
          "condition": null
        }
      ],
      "description": null
    },
    {
      "name": "Lavazza Espresso Italiano mletá káva",
      "brand": "Lavazza",
      "product_url": "https://wolt.com/cs/cze/prague/venue/albert-vinohradska/lavazza-espresso-italiano-mleta-kava-itemid-64ca0b7cba162577de4897c5",
      "image_url": "https://imageproxy.wolt.com/menu/menu-images/64ffec4406cca0140dfab831/46685378-8eb1-11ee-9217-b6077702759d_24257985.jpg",
      "categories": [
        "NÁPOJE",
        "KÁVA A ČAJ"
      ],
      "prices": [
        {
          "store_name": "Albert",
          "price": 229.0,
          "original_price": null,
          "unit_price": 916.0,
          "unit": "Kg",
          "package_size": "250 g",
          "condition": null
        }
      ],
      "description": null
    },
    {
      "name": "Opavia BeBe Dobré ráno Sušenky s mlékem",
      "brand": "Opavia",
      "product_url": "https://wolt.com/cs/cze/prague/venue/albert-vinohradska/opavia-bebe-dobre-rano-susenky-s-mlekem-itemid-66021b7d7a956136425f3a1f",
      "image_url": "https://imageproxy.wolt.com/menu/menu-images/63ad795db242366d1f818f36/b631c92e-f8ef-11ef-867b-9af96452340d_23426597.jpg",
      "categories": [
        "TRVANLIVÉ",
        "SLADKOSTI"
      ],
      "prices": [
        {
          "store_name": "Albert",
          "price": null,
          "original_price": null,
          "unit_price": 238.0,
          "unit": "Kg",
          "package_size": "50 g",
          "condition": "Sleva"
        }
      ],
      "description": null
    },
    {
      "name": "Albert Excellent Tapas Olivy Kalamon",
      "brand": "Albert Excellent",
      "product_url": "https://wolt.com/cs/cze/prague/venue/albert-vinohradska/albert-excellent-tapas-olivy-kalamon-itemid-660223ce5fe743f3fbfdb594",
      "image_url": "https://imageproxy.wolt.com/menu/menu-images/6601c613e48d1c8d95333085/a4d5840a-eae4-11ee-a052-86ed91a9399a_27643563.jpg",
      "categories": [
        "UZENINY A LAHŮDKY",
        "TAPAS"
      ],
      "prices": [
        {
          "store_name": "Albert",
          "price": 69.0,
          "original_price": null,
          "unit_price": 530.77,
          "unit": "Kg",
          "package_size": "130 g",
          "condition": null
        }
      ],
      "description": null
    },
    {
      "name": "Lindt Excellence Čokoláda hořká 70%",
      "brand": "Lindt",
      "product_url": "https://wolt.com/cs/cze/prague/venue/albert-vinohradska/lindt-excellence-cokolada-horka-70-itemid-64ca0b7cba162577de489678",
      "image_url": "https://imageproxy.wolt.com/menu/menu-images/64ffec4406cca0140dfab831/1b706fc2-8eaf-11ee-adf7-a64f6127a8cf_23114173.jpg",
      "categories": [
        "TRVANLIVÉ",
        "SLADKOSTI"
      ],
      "prices": [
        {
          "store_name": "Albert",
          "price": 69.9,
          "original_price": null,
          "unit_price": 699.0,
          "unit": "Kg",
          "package_size": "100 g",
          "condition": null
        }
      ],
      "description": null
    },
    {
      "name": "Emma Fitness směs",
      "brand": "Emma",
      "product_url": "https://wolt.com/cs/cze/prague/venue/albert-vinohradska/emma-fitness-smes-itemid-64ca0b7cba162577de4898f9",
      "image_url": "https://imageproxy.wolt.com/menu/menu-images/63ad795db242366d1f818f36/cb1c73b6-66af-11ef-9bfe-7a8f5d87e44e_25557718.jpg",
      "categories": [
        "OVOCE A ZELENINA",
        "SUCHÉ PLODY"
      ],
      "prices": [
        {
          "store_name": "Albert",
          "price": 49.9,
          "original_price": null,
          "unit_price": 399.2,
          "unit": "Kg",
          "package_size": "125 g",
          "condition": null
        }
      ],
      "description": null
    },
    {
      "name": "Albert Pletýnka bez lepku",
      "brand": "Albert",
      "product_url": "https://wolt.com/cs/cze/prague/venue/albert-vinohradska/albert-pletynka-bez-lepku-itemid-681b5abffcbd67bf7a8f4a75",
      "image_url": "https://imageproxy.wolt.com/menu/menu-images/63ad795db242366d1f818f36/d473e662-2b47-11f0-a886-de824329186e_27971352.jpg",
      "categories": [
        "PEKÁRNA A CUKRÁRNA",
        "BEZLEPKOVÉ PEČIVO"
      ],
      "prices": [
        {
          "store_name": "Albert",
          "price": null,
          "original_price": null,
          "unit_price": 230.63,
          "unit": "Kg",
          "package_size": "160 g",
          "condition": "Sleva"
        }
      ],
      "description": null
    },
    {
      "name": "Tarapacá Merlot Reserva",
      "brand": "Tarapacá",
      "product_url": "https://wolt.com/cs/cze/prague/venue/albert-vinohradska/tarapaca-merlot-reserva-itemid-64ca0b7cba162577de48a355",
      "image_url": "https://imageproxy.wolt.com/menu/menu-images/63ad795db242366d1f818f36/6b43c2a2-bbe4-11ef-840a-cef129e89f5f_25932232.jpg",
      "categories": [
        "NÁPOJE",
        "VÍNA"
      ],
      "prices": [
        {
          "store_name": "Albert",
          "price": 279.0,
          "original_price": null,
          "unit_price": 372.0,
          "unit": "l",
          "package_size": "750 ml, 13% alc",
          "condition": "18+"
        }
      ],
      "description": null
    },
    {
      "name": "Nicolaus Vodka extra jemná",
      "brand": "Nicolaus",
      "product_url": "https://wolt.com/cs/cze/prague/venue/albert-vinohradska/nicolaus-vodka-extra-jemna-itemid-64ca0b7cba162577de489da5",
      "image_url": "https://imageproxy.wolt.com/menu/menu-images/64ffec4406cca0140dfab831/acbf8202-8eb3-11ee-bd90-0208801a60c2_25097047.jpg",
      "categories": [
        "NÁPOJE",
        "LIHOVINY"
      ],
      "prices": [
        {
          "store_name": "Albert",
          "price": 229.0,
          "original_price": null,
          "unit_price": 458.0,
          "unit": "l",
          "package_size": "500 ml, 38% alc",
          "condition": "18+"
        }
      ],
      "description": null
    },
    {
      "name": "Naturella Classic Maxi hygienické vložky",
      "brand": "Naturella",
      "product_url": "https://wolt.com/cs/cze/prague/venue/albert-vinohradska/naturella-classic-maxi-hygienicke-vlozky-itemid-657233256818b938df9479e9",
      "image_url": "https://imageproxy.wolt.com/menu/menu-images/63ad795db242366d1f818f36/46c972d2-e818-11ee-9191-e63576f4a113_24242875.jpg",
      "categories": [
        "DROGERIE A KOSMETIKA",
        "DÁMSKÉ HYG. POTŘEBY"
      ],
      "prices": [
        {
          "store_name": "Albert",
          "price": 72.9,
          "original_price": null,
          "unit_price": 4.56,
          "unit": "ks",
          "package_size": "‪16‬ kusů",
          "condition": null
        }
      ],
      "description": null
    },
    {
      "name": "Sanytol Tekuté mýdlo dezinfekční",
      "brand": "Sanytol",
      "product_url": "https://wolt.com/cs/cze/prague/venue/albert-vinohradska/sanytol-tekute-mydlo-dezinfekcni-itemid-660207379b0588fb7cec8194",
      "image_url": "https://imageproxy.wolt.com/menu/menu-images/6601c613e48d1c8d95333085/1d459f58-eae3-11ee-8cd6-92c55f965fb2_26475653.jpg",
      "categories": [
        "DROGERIE A KOSMETIKA",
        "MÝDLA A GELY"
      ],
      "prices": [
        {
          "store_name": "Albert",
          "price": 69.9,
          "original_price": null,
          "unit_price": 279.6,
          "unit": "l",
          "package_size": "250 ml",
          "condition": null
        }
      ],
      "description": null
    },
    {
      "name": "Fine Crispy Arašídy v těstíčku s paprikou",
      "brand": "Fine",
      "product_url": "https://wolt.com/cs/cze/prague/venue/albert-vinohradska/fine-crispy-arasidy-v-testicku-s-paprikou-itemid-64ca0b7cba162577de4896ec",
      "image_url": "https://imageproxy.wolt.com/menu/menu-images/63ad795db242366d1f818f36/39779376-765b-11ef-8870-1e47fe932c32_26959450.jpg",
      "categories": [
        "TRVANLIVÉ",
        "SLANÉ"
      ],
      "prices": [
        {
          "store_name": "Albert",
          "price": 43.7,
          "original_price": null,
          "unit_price": 218.5,
          "unit": "Kg",
          "package_size": "200 g",
          "condition": null
        }
      ],
      "description": null
    },
    {
      "name": "Maggi Amore Mio Těstoviny 4 druhy sýrů",
      "brand": "Maggi",
      "product_url": "https://wolt.com/cs/cze/prague/venue/albert-vinohradska/maggi-amore-mio-testoviny-4-druhy-syru-itemid-64ca0b7cba162577de4889fb",
      "image_url": "https://imageproxy.wolt.com/menu/menu-images/64ffec4406cca0140dfab831/b6a13b26-8eb3-11ee-bcf8-e2efa80c37b6_25109603.jpg",
      "categories": [
        "TRVANLIVÉ",
        "INSTANTNÍ POKRMY"
      ],
      "prices": [
        {
          "store_name": "Albert",
          "price": 54.9,
          "original_price": null,
          "unit_price": 376.03,
          "unit": "Kg",
          "package_size": "146 g",
          "condition": null
        }
      ],
      "description": null
    },
    {
      "name": "Nominal Mug Cake perníkový bez lepku",
      "brand": "Nominal",
      "product_url": "https://wolt.com/cs/cze/prague/venue/albert-vinohradska/nominal-mug-cake-pernikovy-bez-lepku-itemid-6601e6794a8afaf2fbd675a0",
      "image_url": "https://imageproxy.wolt.com/menu/menu-images/6601c613e48d1c8d95333085/44654e88-eae5-11ee-ba66-aae3aea8b537_27821442.jpg",
      "categories": [
        "TRVANLIVÉ",
        "PEČENÍ A VAŘENÍ"
      ],
      "prices": [
        {
          "store_name": "Albert",
          "price": null,
          "original_price": null,
          "unit_price": 498.33,
          "unit": "Kg",
          "package_size": "60 g",
          "condition": "Sleva"
        }
      ],
      "description": null
    },
    {
      "name": "Butterfly Muscat",
      "brand": "Butterfly",
      "product_url": "https://wolt.com/cs/cze/prague/venue/albert-vinohradska/butterfly-muscat-itemid-64ca0b7cba162577de488fe0",
      "image_url": "https://imageproxy.wolt.com/menu/menu-images/64ffec4406cca0140dfab831/8d02c682-8ec1-11ee-a9e4-bed63d7a3e3f_27253762.jpg",
      "categories": [
        "NÁPOJE",
        "VÍNA"
      ],
      "prices": [
        {
          "store_name": "Albert",
          "price": 129.9,
          "original_price": null,
          "unit_price": 173.2,
          "unit": "l",
          "package_size": "750 ml, 11% alc",
          "condition": "18+"
        }
      ],
      "description": null
    },
    {
      "name": "Česká chuť Tyčinky pikantní se sýrem",
      "brand": "Česká chuť",
      "product_url": "https://wolt.com/cs/cze/prague/venue/albert-vinohradska/ceska-chut-tycinky-pikantni-se-syrem-itemid-681b5abffcbd67bf7a8f49f6",
      "image_url": "https://imageproxy.wolt.com/menu/menu-images/63ad795db242366d1f818f36/6f3da68e-2b47-11f0-99ba-3e216c768122_27871706.jpg",
      "categories": [
        "TRVANLIVÉ",
        "SLANÉ"
      ],
      "prices": [
        {
          "store_name": "Albert",
          "price": 19.9,
          "original_price": null,
          "unit_price": 221.11,
          "unit": "Kg",
          "package_size": "90 g",
          "condition": null
        }
      ],
      "description": null
    },
    {
      "name": "Podravka Ajvar jemný",
      "brand": "Podravka",
      "product_url": "https://wolt.com/cs/cze/prague/venue/albert-vinohradska/podravka-ajvar-jemny-itemid-657233256818b938df9484e8",
      "image_url": "https://imageproxy.wolt.com/menu/menu-images/63ad795db242366d1f818f36/3c26016a-bbe4-11ef-937c-8ac36a1e21cf_27110782.jpg",
      "categories": [
        "TRVANLIVÉ",
        "KONZERVOVANÉ POTR."
      ],
      "prices": [
        {
          "store_name": "Albert",
          "price": 59.9,
          "original_price": null,
          "unit_price": 171.14,
          "unit": "Kg",
          "package_size": "350 g",
          "condition": null
        }
      ],
      "description": null
    },
    {
      "name": "Alpro Sójový dezert s čokoládovou příchutí",
      "brand": "Alpro",
      "product_url": "https://wolt.com/cs/cze/prague/venue/albert-vinohradska/alpro-sojovy-dezert-s-cokoladovou-prichuti-itemid-64ca0b7cba162577de4892a8",
      "image_url": "https://imageproxy.wolt.com/menu/menu-images/64ffec4406cca0140dfab831/b321b14e-8eb1-11ee-9147-22a8008f3216_24490740.jpg",
      "categories": [
        "MLÉČNÉ A CHLAZENÉ",
        "ROSTLINNÉ PRODUKTY"
      ],
      "prices": [
        {
          "store_name": "Albert",
          "price": null,
          "original_price": null,
          "unit_price": 159.2,
          "unit": "Kg",
          "package_size": "125 g",
          "condition": "Sleva"
        }
      ],
      "description": null
    },
    {
      "name": "Rio Mare Tuňák v olivovém oleji",
      "brand": "Rio Mare",
      "product_url": "https://wolt.com/cs/cze/prague/venue/albert-vinohradska/rio-mare-tunak-v-olivovem-oleji-itemid-657233256818b938df947a6d",
      "image_url": "https://imageproxy.wolt.com/menu/menu-images/64ffec4406cca0140dfab831/24236b46-8eb0-11ee-96dd-2e13ed999a8b_23668232.jpg",
      "categories": [
        "TRVANLIVÉ",
        "KONZERVOVANÉ POTR."
      ],
      "prices": [
        {
          "store_name": "Albert",
          "price": 149.9,
          "original_price": null,
          "unit_price": 960.9,
          "unit": "Kg",
          "package_size": "156 g",
          "condition": null
        }
      ],
      "description": null
    },
    {
      "name": "Orion Studentská pečeť mléčná",
      "brand": "Orion",
      "product_url": "https://wolt.com/cs/cze/prague/venue/albert-vinohradska/orion-studentska-pecet-mlecna-itemid-657233256818b938df948b6e",
      "image_url": "https://imageproxy.wolt.com/menu/menu-images/64ffec4406cca0140dfab831/fce64ae4-8ec3-11ee-8fa1-ce752cd7e428_27435236.jpg",
      "categories": [
        "TRVANLIVÉ",
        "SLADKOSTI"
      ],
      "prices": [
        {
          "store_name": "Albert",
          "price": 84.9,
          "original_price": null,
          "unit_price": 339.6,
          "unit": "Kg",
          "package_size": "250 g",
          "condition": null
        }
      ],
      "description": null
    },
    {
      "name": "Müller Riso (mix příchutí)",
      "brand": "Müller",
      "product_url": "https://wolt.com/cs/cze/prague/venue/albert-vinohradska/muller-riso-mix-prichuti-itemid-657233256818b938df94876a",
      "image_url": "https://imageproxy.wolt.com/menu/menu-images/64ffec4406cca0140dfab831/a16429fc-8ebe-11ee-a0c7-92f467c0c86c_27039373.jpg",
      "categories": [
        "MLÉČNÉ A CHLAZENÉ",
        "JOGURTY A DEZERTY"
      ],
      "prices": [
        {
          "store_name": "Albert",
          "price": 24.9,
          "original_price": null,
          "unit_price": 124.5,
          "unit": "Kg",
          "package_size": "200 g",
          "condition": null
        }
      ],
      "description": null
    },
    {
      "name": "Zátkovy vaječné těstoviny Fleky ploché",
      "brand": "Zátkovy",
      "product_url": "https://wolt.com/cs/cze/prague/venue/albert-vinohradska/zatkovy-vajecne-testoviny-fleky-ploche-itemid-64ca0b7cba162577de4895d5",
      "image_url": "https://imageproxy.wolt.com/menu/menu-images/64ffec4406cca0140dfab831/0aa4f7a2-8eb5-11ee-bbce-b6077702759d_25471496.jpg",
      "categories": [
        "TRVANLIVÉ",
        "TĚSTOVINY A KUSKUS"
      ],
      "prices": [
        {
          "store_name": "Albert",
          "price": 39.9,
          "original_price": null,
          "unit_price": 79.8,
          "unit": "Kg",
          "package_size": "500 g",
          "condition": null
        }
      ],
      "description": null
    },
    {
      "name": "Ariel Color tekutý prací prostředek",
      "brand": "Ariel",
      "product_url": "https://wolt.com/cs/cze/prague/venue/albert-vinohradska/ariel-color-tekuty-praci-prostredek-itemid-64ca0b7cba162577de48a2a0",
      "image_url": "https://imageproxy.wolt.com/menu/menu-images/63ad795db242366d1f818f36/95a436fa-be3e-11f0-9cfb-1a96c7060dd6_26263359.jpg",
      "categories": [
        "DROGERIE A KOSMETIKA",
        "PRACÍ PROSTŘEDKY"
      ],
      "prices": [
        {
          "store_name": "Albert",
          "price": 349.0,
          "original_price": null,
          "unit_price": 5.82,
          "unit": "ks",
          "package_size": "‪60‬ kusů",
          "condition": null
        }
      ],
      "description": null
    },
    {
      "name": "World’s Market Tagliatelle",
      "brand": "World’s Market",
      "product_url": "https://wolt.com/cs/cze/prague/venue/albert-vinohradska/world-s-market-tagliatelle-itemid-6602099f4c077be936e99f93",
      "image_url": "https://imageproxy.wolt.com/menu/menu-images/6601c613e48d1c8d95333085/34839880-eae5-11ee-a938-4a7a54ed4665_27815236.jpg",
      "categories": [
        "TRVANLIVÉ",
        "TĚSTOVINY A KUSKUS"
      ],
      "prices": [
        {
          "store_name": "Albert",
          "price": 28.9,
          "original_price": null,
          "unit_price": 115.6,
          "unit": "Kg",
          "package_size": "250 g",
          "condition": null
        }
      ],
      "description": null
    },
    {
      "name": "4Move Vitamin Water Minerals",
      "brand": "4Move",
      "product_url": "https://wolt.com/cs/cze/prague/venue/albert-vinohradska/4move-vitamin-water-minerals-itemid-657233256818b938df9485ad",
      "image_url": "https://imageproxy.wolt.com/menu/menu-images/64ffec4406cca0140dfab831/627d32f8-8ec6-11ee-9939-5e8cfe3fa30b_27609972.jpg",
      "categories": [
        "NÁPOJE",
        "VODY A MINERÁLKY"
      ],
      "prices": [
        {
          "store_name": "Albert",
          "price": 29.9,
          "original_price": null,
          "unit_price": 53.78,
          "unit": "l",
          "package_size": "556 ml",
          "condition": null
        }
      ],
      "description": null
    },
    {
      "name": "Emma GoNuts Mandle natural",
      "brand": "Emma",
      "product_url": "https://wolt.com/cs/cze/prague/venue/albert-vinohradska/emma-gonuts-mandle-natural-itemid-657233256818b938df948998",
      "image_url": "https://imageproxy.wolt.com/menu/menu-images/63ad795db242366d1f818f36/8c2edb5a-0609-11ef-9543-32afd1319bc6_27444764.jpg",
      "categories": [
        "OVOCE A ZELENINA",
        "SUCHÉ PLODY"
      ],
      "prices": [
        {
          "store_name": "Albert",
          "price": 28.9,
          "original_price": null,
          "unit_price": 412.86,
          "unit": "Kg",
          "package_size": "70 g",
          "condition": null
        }
      ],
      "description": null
    },
    {
      "name": "Softé Šampon kopřiva",
      "brand": "Softé",
      "product_url": "https://wolt.com/cs/cze/prague/venue/albert-vinohradska/softe-sampon-kopriva-itemid-681b5abffcbd67bf7a8f4b33",
      "image_url": "https://imageproxy.wolt.com/menu/menu-images/63ad795db242366d1f818f36/88f12420-2b47-11f0-9d98-ee60b9491742_27919385.jpg",
      "categories": [
        "DROGERIE A KOSMETIKA",
        "PÉČE O VLASY"
      ],
      "prices": [
        {
          "store_name": "Albert",
          "price": 39.9,
          "original_price": null,
          "unit_price": 99.75,
          "unit": "l",
          "package_size": "400 ml",
          "condition": null
        }
      ],
      "description": null
    },
    {
      "name": "Josef Valihrach Cabernet blanc",
      "brand": "Josef",
      "product_url": "https://wolt.com/cs/cze/prague/venue/albert-vinohradska/josef-valihrach-cabernet-blanc-itemid-657233256818b938df948950",
      "image_url": "https://imageproxy.wolt.com/menu/menu-images/64ffec4406cca0140dfab831/c9f9044e-8ec0-11ee-869b-261fd742ff1a_27197479.jpg",
      "categories": [
        "NÁPOJE",
        "VÍNA"
      ],
      "prices": [
        {
          "store_name": "Albert",
          "price": 279.0,
          "original_price": null,
          "unit_price": 372.0,
          "unit": "l",
          "package_size": "750 ml, 13,5% alc",
          "condition": "18+"
        }
      ],
      "description": null
    },
    {
      "name": "Perla Origins Brazil zrnková káva",
      "brand": "Perla",
      "product_url": "https://wolt.com/cs/cze/prague/venue/albert-vinohradska/perla-origins-brazil-zrnkova-kava-itemid-64ca0b7cba162577de489ab0",
      "image_url": "https://imageproxy.wolt.com/menu/menu-images/64ffec4406cca0140dfab831/cf27c73e-8ec5-11ee-b3ec-3a9a41c1cb36_27577981.jpg",
      "categories": [
        "NÁPOJE",
        "KÁVA A ČAJ"
      ],
      "prices": [
        {
          "store_name": "Albert",
          "price": 499.0,
          "original_price": null,
          "unit_price": 499.0,
          "unit": "Kg",
          "package_size": "1 kg",
          "condition": null
        }
      ],
      "description": null
    },
    {
      "name": "Kitbis Bonbony jahody se smetanou",
      "brand": "Kitbis",
      "product_url": "https://wolt.com/cs/cze/prague/venue/albert-vinohradska/kitbis-bonbony-jahody-se-smetanou-itemid-64ca0b7cba162577de489904",
      "image_url": "https://imageproxy.wolt.com/menu/menu-images/64ffec4406cca0140dfab831/5d2e44be-8ec5-11ee-9005-3ef4a229de2c_27537411.jpg",
      "categories": [
        "TRVANLIVÉ",
        "SLADKOSTI"
      ],
      "prices": [
        {
          "store_name": "Albert",
          "price": 18.9,
          "original_price": null,
          "unit_price": 236.25,
          "unit": "Kg",
          "package_size": "80 g",
          "condition": null
        }
      ],
      "description": null
    },
    {
      "name": "Nutrend Protein kaše s čokoládovou příchutí",
      "brand": "Nutrend",
      "product_url": "https://wolt.com/cs/cze/prague/venue/albert-vinohradska/nutrend-protein-kase-s-cokoladovou-prichuti-itemid-64ca0b7cba162577de48a0f8",
      "image_url": "https://imageproxy.wolt.com/menu/menu-images/64ffec4406cca0140dfab831/71f3af22-8ebd-11ee-9700-8a353f7cfdbf_26945262.jpg",
      "categories": [
        "TRVANLIVÉ",
        "SPECIÁLNÍ"
      ],
      "prices": [
        {
          "store_name": "Albert",
          "price": null,
          "original_price": null,
          "unit_price": 484.0,
          "unit": "Kg",
          "package_size": "50 g",
          "condition": "Sleva"
        }
      ],
      "description": null
    },
    {
      "name": "Franz Josef Kaiser Tuňák steak v rostlinném oleji",
      "brand": "Franz Josef Kaiser",
      "product_url": "https://wolt.com/cs/cze/prague/venue/albert-vinohradska/franz-josef-kaiser-tunak-steak-v-rostlinnem-oleji-itemid-64ca0b7cba162577de4881d7",
      "image_url": "https://imageproxy.wolt.com/menu/menu-images/64ffec4406cca0140dfab831/23ef44cc-8eb7-11ee-b070-02d10f7fce64_25891188.jpg",
      "categories": [
        "TRVANLIVÉ",
        "KONZERVOVANÉ POTR."
      ],
      "prices": [
        {
          "store_name": "Albert",
          "price": 29.9,
          "original_price": null,
          "unit_price": 575.0,
          "unit": "Kg",
          "package_size": "52 g",
          "condition": null
        }
      ],
      "description": null
    },
    {
      "name": "Orion Banány v čokoládě",
      "brand": "Orion",
      "product_url": "https://wolt.com/cs/cze/prague/venue/albert-vinohradska/orion-banany-v-cokolade-itemid-64ca0b7cba162577de489e26",
      "image_url": "https://imageproxy.wolt.com/menu/menu-images/64ffec4406cca0140dfab831/3c587d94-8eb2-11ee-b548-b6ff72c7a500_24688864.jpg",
      "categories": [
        "TRVANLIVÉ",
        "SLADKOSTI"
      ],
      "prices": [
        {
          "store_name": "Albert",
          "price": 19.5,
          "original_price": null,
          "unit_price": 325.0,
          "unit": "Kg",
          "package_size": "60 g",
          "condition": null
        }
      ],
      "description": null
    },
    {
      "name": "Nature's Promise Zakysaná smetana bez laktózy 15%",
      "brand": "Nature's Promise",
      "product_url": "https://wolt.com/cs/cze/prague/venue/albert-vinohradska/nature-s-promise-zakysana-smetana-bez-laktozy-15-itemid-6601f7cff30be3f08e44ad47",
      "image_url": "https://imageproxy.wolt.com/menu/menu-images/6601c613e48d1c8d95333085/adc36874-eae5-11ee-a041-667d50b09927_27859599.jpg",
      "categories": [
        "MLÉČNÉ A CHLAZENÉ",
        "MLÉČNÉ NÁPOJE"
      ],
      "prices": [
        {
          "store_name": "Albert",
          "price": null,
          "original_price": null,
          "unit_price": 138.33,
          "unit": "Kg",
          "package_size": "180 g",
          "condition": "Sleva"
        }
      ],
      "description": null
    },
    {
      "name": "Indulona originál krém na ruce",
      "brand": "Indulona",
      "product_url": "https://wolt.com/cs/cze/prague/venue/albert-vinohradska/indulona-original-krem-na-ruce-itemid-64ca0b7cba162577de488f59",
      "image_url": "https://imageproxy.wolt.com/menu/menu-images/64ffec4406cca0140dfab831/5942a98c-8eb9-11ee-a86b-f6f59196df47_26411996.jpg",
      "categories": [
        "DROGERIE A KOSMETIKA",
        "PÉČE O PLEŤ"
      ],
      "prices": [
        {
          "store_name": "Albert",
          "price": 59.9,
          "original_price": null,
          "unit_price": 798.67,
          "unit": "l",
          "package_size": "75 ml",
          "condition": null
        }
      ],
      "description": null
    },
    {
      "name": "Albert Stelivo pro kočky silikagelové",
      "brand": "Albert",
      "product_url": "https://wolt.com/cs/cze/prague/venue/albert-vinohradska/albert-stelivo-pro-kocky-silikagelove-itemid-64ca0b7cba162577de4892ed",
      "image_url": "https://imageproxy.wolt.com/menu/menu-images/64ffec4406cca0140dfab831/37d72a5e-8ec1-11ee-b5ee-5e4be69f0c6c_27224656.jpg",
      "categories": [
        "ZVÍŘATA",
        "KOČKY"
      ],
      "prices": [
        {
          "store_name": "Albert",
          "price": 199.0,
          "original_price": null,
          "unit_price": 39.8,
          "unit": "l",
          "package_size": "5 l",
          "condition": null
        }
      ],
      "description": null
    },
    {
      "name": "Franz Josef Kaiser Ovocný koktejl",
      "brand": "Franz Josef Kaiser",
      "product_url": "https://wolt.com/cs/cze/prague/venue/albert-vinohradska/franz-josef-kaiser-ovocny-koktejl-itemid-657233256818b938df9484ec",
      "image_url": "https://imageproxy.wolt.com/menu/menu-images/63ad795db242366d1f818f36/d27c1148-f8ef-11ef-bd72-720ab715f21d_25549188.jpg",
      "categories": [
        "TRVANLIVÉ",
        "KONZERVOVANÉ POTR."
      ],
      "prices": [
        {
          "store_name": "Albert",
          "price": 31.9,
          "original_price": null,
          "unit_price": 227.86,
          "unit": "Kg",
          "package_size": "140 g",
          "condition": null
        }
      ],
      "description": null
    },
    {
      "name": "Garden Gourmet Veggie kuličky",
      "brand": "Garden Gourmet",
      "product_url": "https://wolt.com/cs/cze/prague/venue/albert-vinohradska/garden-gourmet-veggie-kulicky-itemid-64ca0b7cba162577de489976",
      "image_url": "https://imageproxy.wolt.com/menu/menu-images/63ad795db242366d1f818f36/2b83fc2c-bbe4-11ef-8288-e638c96c1e91_27334362.jpg",
      "categories": [
        "UZENINY A LAHŮDKY",
        "HOTOVKY A PŘÍLOHY"
      ],
      "prices": [
        {
          "store_name": "Albert",
          "price": 69.9,
          "original_price": null,
          "unit_price": 349.5,
          "unit": "Kg",
          "package_size": "200 g",
          "condition": null
        }
      ],
      "description": null
    },
    {
      "name": "Linteo Toaletní papír třívrstvý",
      "brand": "Linteo",
      "product_url": "https://wolt.com/cs/cze/prague/venue/albert-vinohradska/linteo-toaletni-papir-trivrstvy-itemid-6601e8f2daed093f14bd3229",
      "image_url": "https://imageproxy.wolt.com/menu/menu-images/6601c613e48d1c8d95333085/8eb7f1f4-eae3-11ee-9e13-0a322dd571ff_27035139.jpg",
      "categories": [
        "DROGERIE A KOSMETIKA",
        "PAPÍROVÁ HYGIENA"
      ],
      "prices": [
        {
          "store_name": "Albert",
          "price": 24.9,
          "original_price": null,
          "unit_price": 0.52,
          "unit": "ks",
          "package_size": "‪48‬ kusů",
          "condition": null
        }
      ],
      "description": null
    },
    {
      "name": "Brynmor Flapjack Tyčinka karamel bez lepku",
      "brand": "Brynmor",
      "product_url": "https://wolt.com/cs/cze/prague/venue/albert-vinohradska/brynmor-flapjack-tycinka-karamel-bez-lepku-itemid-657233256818b938df948340",
      "image_url": "https://imageproxy.wolt.com/menu/menu-images/64ffec4406cca0140dfab831/3d658e48-8ec6-11ee-a704-a2846f3734b2_27603970.jpg",
      "categories": [
        "TRVANLIVÉ",
        "SPECIÁLNÍ"
      ],
      "prices": [
        {
          "store_name": "Albert",
          "price": null,
          "original_price": null,
          "unit_price": 336.25,
          "unit": "Kg",
          "package_size": "80 g",
          "condition": "Sleva"
        }
      ],
      "description": null
    },
    {
      "name": "Kunín Lehké ráno Mléko polotučné bez laktózy",
      "brand": "Kunín",
      "product_url": "https://wolt.com/cs/cze/prague/venue/albert-vinohradska/kunin-lehke-rano-mleko-polotucne-bez-laktozy-itemid-681b5abffcbd67bf7a8f4b3a",
      "image_url": "https://imageproxy.wolt.com/menu/menu-images/63ad795db242366d1f818f36/64f957e0-2b47-11f0-a06c-1e2a5db92972_27863220.jpg",
      "categories": [
        "MLÉČNÉ A CHLAZENÉ",
        "MLÉČNÉ NÁPOJE"
      ],
      "prices": [
        {
          "store_name": "Albert",
          "price": 36.9,
          "original_price": null,
          "unit_price": 36.9,
          "unit": "l",
          "package_size": "1 l",
          "condition": null
        }
      ],
      "description": null
    },
    {
      "name": "Extrudo Mouka pohanková",
      "brand": "Extrudo",
      "product_url": "https://wolt.com/cs/cze/prague/venue/albert-vinohradska/extrudo-mouka-pohankova-itemid-64ca0b7cba162577de489a12",
      "image_url": "https://imageproxy.wolt.com/menu/menu-images/64ffec4406cca0140dfab831/4309daf4-8eba-11ee-9e36-7217cc85b990_26597720.jpg",
      "categories": [
        "TRVANLIVÉ",
        "PEČENÍ A VAŘENÍ"
      ],
      "prices": [
        {
          "store_name": "Albert",
          "price": 44.9,
          "original_price": null,
          "unit_price": 112.25,
          "unit": "Kg",
          "package_size": "400 g",
          "condition": null
        }
      ],
      "description": null
    },
    {
      "name": "Coca-Cola Zero",
      "brand": "Coca-Cola",
      "product_url": "https://wolt.com/cs/cze/prague/venue/albert-vinohradska/coca-cola-zero-itemid-64ca0b7cba162577de48959e",
      "image_url": "https://imageproxy.wolt.com/menu/menu-images/63ad795db242366d1f818f36/d1bec8b6-ed43-11ef-8b5f-4ed40bbef7a4_24598132.jpg",
      "categories": [
        "NÁPOJE",
        "LIMONÁDY"
      ],
      "prices": [
        {
          "store_name": "Albert",
          "price": 29.9,
          "original_price": null,
          "unit_price": 59.8,
          "unit": "l",
          "package_size": "500 ml",
          "condition": null
        }
      ],
      "description": null
    },
    {
      "name": "Emma Arašídy s cornflakes v hořké čokoládě",
      "brand": "Emma",
      "product_url": "https://wolt.com/cs/cze/prague/venue/albert-vinohradska/emma-arasidy-s-cornflakes-v-horke-cokolade-itemid-657233256818b938df948612",
      "image_url": "https://imageproxy.wolt.com/menu/menu-images/63ad795db242366d1f818f36/cb7acf5c-d995-11ef-ba92-0efbc3312503_23892163.jpg",
      "categories": [
        "OVOCE A ZELENINA",
        "SUCHÉ PLODY"
      ],
      "prices": [
        {
          "store_name": "Albert",
          "price": 59.9,
          "original_price": null,
          "unit_price": 332.78,
          "unit": "Kg",
          "package_size": "180 g",
          "condition": null
        }
      ],
      "description": null
    },
    {
      "name": "Božkov Originál 37,5%",
      "brand": "Božkov",
      "product_url": "https://wolt.com/cs/cze/prague/venue/albert-vinohradska/bozkov-original-37-5-itemid-64ca0b7cba162577de4885e7",
      "image_url": "https://imageproxy.wolt.com/menu/menu-images/64ffec4406cca0140dfab831/9db64072-8eac-11ee-ae65-c27bf70975f2_20315726.jpg",
      "categories": [
        "NÁPOJE",
        "LIHOVINY"
      ],
      "prices": [
        {
          "store_name": "Albert",
          "price": 129.9,
          "original_price": null,
          "unit_price": 259.8,
          "unit": "l",
          "package_size": "500 ml, 37,5% alc",
          "condition": "18+"
        }
      ],
      "description": null
    },
    {
      "name": "Opavia Brumík s náplní mléčnou",
      "brand": "Opavia",
      "product_url": "https://wolt.com/cs/cze/prague/venue/albert-vinohradska/opavia-brumik-s-naplni-mlecnou-itemid-64ca0b7cba162577de4889ed",
      "image_url": "https://imageproxy.wolt.com/menu/menu-images/63ad795db242366d1f818f36/b92d1e26-f8ef-11ef-9875-126a5b84a5e2_23944664.jpg",
      "categories": [
        "TRVANLIVÉ",
        "SLADKOSTI"
      ],
      "prices": [
        {
          "store_name": "Albert",
          "price": null,
          "original_price": null,
          "unit_price": 330.0,
          "unit": "Kg",
          "package_size": "30 g",
          "condition": "Sleva"
        }
      ],
      "description": null
    },
    {
      "name": "Vrbátky Cukr krupice",
      "brand": "Vrbátky",
      "product_url": "https://wolt.com/cs/cze/prague/venue/albert-vinohradska/vrbatky-cukr-krupice-itemid-64ca0b7cba162577de4880db",
      "image_url": "https://imageproxy.wolt.com/menu/menu-images/64ffec4406cca0140dfab831/79ca1006-8eb8-11ee-bb63-1ec840397d06_26105055.jpg",
      "categories": [
        "TRVANLIVÉ",
        "PEČENÍ A VAŘENÍ"
      ],
      "prices": [
        {
          "store_name": "Albert",
          "price": 19.9,
          "original_price": null,
          "unit_price": 19.9,
          "unit": "Kg",
          "package_size": "1 kg",
          "condition": null
        }
      ],
      "description": null
    },
    {
      "name": "Zott Zottarella Mozzarella classic",
      "brand": "Zott",
      "product_url": "https://wolt.com/cs/cze/prague/venue/albert-vinohradska/zott-zottarella-mozzarella-classic-itemid-64ca0b7cba162577de489357",
      "image_url": "https://imageproxy.wolt.com/menu/menu-images/64ffec4406cca0140dfab831/fc52f668-8eb4-11ee-a7d7-ca3c3355ab39_25462029.jpg",
      "categories": [
        "MLÉČNÉ A CHLAZENÉ",
        "SÝRY"
      ],
      "prices": [
        {
          "store_name": "Albert",
          "price": 36.9,
          "original_price": null,
          "unit_price": 295.2,
          "unit": "Kg",
          "package_size": "125 g",
          "condition": null
        }
      ],
      "description": null
    },
    {
      "name": "Gervais Sýr tvarohový čerstvý ředkvička pažitka",
      "brand": "Gervais",
      "product_url": "https://wolt.com/cs/cze/prague/venue/albert-vinohradska/gervais-syr-tvarohovy-cerstvy-redkvicka-pazitka-itemid-64ca0b7cba162577de48929b",
      "image_url": "https://imageproxy.wolt.com/menu/menu-images/63ad795db242366d1f818f36/b149105a-5efa-11ef-979c-aeaa50f2410a_25581331.jpg",
      "categories": [
        "MLÉČNÉ A CHLAZENÉ",
        "SÝRY"
      ],
      "prices": [
        {
          "store_name": "Albert",
          "price": null,
          "original_price": null,
          "unit_price": 311.25,
          "unit": "Kg",
          "package_size": "80 g",
          "condition": "Sleva"
        }
      ],
      "description": null
    },
    {
      "name": "Emma GoNuts Směs kešu a brusnic",
      "brand": "Emma",
      "product_url": "https://wolt.com/cs/cze/prague/venue/albert-vinohradska/emma-gonuts-smes-kesu-a-brusnic-itemid-64ca0b7cba162577de48870f",
      "image_url": "https://imageproxy.wolt.com/menu/menu-images/63ad795db242366d1f818f36/1fedad68-0609-11ef-9b6a-eafc723502fe_26995571.jpg",
      "categories": [
        "OVOCE A ZELENINA",
        "SUCHÉ PLODY"
      ],
      "prices": [
        {
          "store_name": "Albert",
          "price": 28.9,
          "original_price": null,
          "unit_price": 412.86,
          "unit": "Kg",
          "package_size": "70 g",
          "condition": null
        }
      ],
      "description": null
    },
    {
      "name": "Rama 100% rostlinná s olivovým olejem",
      "brand": "Rama",
      "product_url": "https://wolt.com/cs/cze/prague/venue/albert-vinohradska/rama-100-rostlinna-s-olivovym-olejem-itemid-64ca0b7cba162577de48a518",
      "image_url": "https://imageproxy.wolt.com/menu/menu-images/63ad795db242366d1f818f36/7305ba7e-f0d1-11ee-b98e-5eaf08ae38dd_27751237.jpg",
      "categories": [
        "MLÉČNÉ A CHLAZENÉ",
        "MÁSLO A TUKY"
      ],
      "prices": [
        {
          "store_name": "Albert",
          "price": 59.9,
          "original_price": null,
          "unit_price": 299.5,
          "unit": "Kg",
          "package_size": "200 g",
          "condition": null
        }
      ],
      "description": null
    },
    {
      "name": "Vepy Bramborové mini placky",
      "brand": "Vepy",
      "product_url": "https://wolt.com/cs/cze/prague/venue/albert-vinohradska/vepy-bramborove-mini-placky-itemid-657233256818b938df948576",
      "image_url": "https://imageproxy.wolt.com/menu/menu-images/64ffec4406cca0140dfab831/e1957a54-8ebd-11ee-af83-be2d1bdd5ebf_26975689.jpg",
      "categories": [
        "PEKÁRNA A CUKRÁRNA",
        "SLANÉ PEČIVO BALENÉ"
      ],
      "prices": [
        {
          "store_name": "Albert",
          "price": 33.9,
          "original_price": null,
          "unit_price": 753.33,
          "unit": "Kg",
          "package_size": "45 g",
          "condition": null
        }
      ],
      "description": null
    },
    {
      "name": "Tatra Piknik zahuštěné slazené plnotučné mléko",
      "brand": "Tatra",
      "product_url": "https://wolt.com/cs/cze/prague/venue/albert-vinohradska/tatra-piknik-zahustene-slazene-plnotucne-mleko-itemid-64ca0b7cba162577de489722",
      "image_url": "https://imageproxy.wolt.com/menu/menu-images/64ffec4406cca0140dfab831/001088e6-8eb1-11ee-ae56-76d18bdc0849_24179867.jpg",
      "categories": [
        "MLÉČNÉ A CHLAZENÉ",
        "JOGURTY A DEZERTY"
      ],
      "prices": [
        {
          "store_name": "Albert",
          "price": 32.9,
          "original_price": null,
          "unit_price": 438.67,
          "unit": "Kg",
          "package_size": "75 g",
          "condition": null
        }
      ],
      "description": null
    },
    {
      "name": "Croissant s párkem",
      "brand": null,
      "product_url": "https://wolt.com/cs/cze/prague/venue/albert-vinohradska/croissant-s-parkem-itemid-64ca0b7cba162577de488295",
      "image_url": "https://imageproxy.wolt.com/menu/menu-images/64ffec4406cca0140dfab831/7a4802f4-833c-11ee-b72f-02fef3291160_25318074.jpg",
      "categories": [
        "PEKÁRNA A CUKRÁRNA",
        "SLANÉ PEČIVO VOLNÉ"
      ],
      "prices": [
        {
          "store_name": "Albert",
          "price": 19.9,
          "original_price": null,
          "unit_price": 255.13,
          "unit": "Kg",
          "package_size": "78 g",
          "condition": "Vyprodáno"
        }
      ],
      "description": null
    },
    {
      "name": "Papita kokosová  krémem",
      "brand": "Papita",
      "product_url": "https://wolt.com/cs/cze/prague/venue/albert-vinohradska/papita-kokosova-kremem-itemid-6601ee333f79cd7d63a414fe",
      "image_url": "https://imageproxy.wolt.com/menu/menu-images/6601c613e48d1c8d95333085/2fe0ba02-eae4-11ee-a6de-4aedea41cff8_27461525.jpg",
      "categories": [
        "TRVANLIVÉ",
        "SLADKOSTI"
      ],
      "prices": [
        {
          "store_name": "Albert",
          "price": 10.9,
          "original_price": null,
          "unit_price": 330.3,
          "unit": "Kg",
          "package_size": "33 g",
          "condition": null
        }
      ],
      "description": null
    },
    {
      "name": "Vitana Parboiled rýže ve varných sáčcích",
      "brand": "Vitana",
      "product_url": "https://wolt.com/cs/cze/prague/venue/albert-vinohradska/vitana-parboiled-ryze-ve-varnych-saccich-itemid-657233256818b938df947dba",
      "image_url": "https://imageproxy.wolt.com/menu/menu-images/64ffec4406cca0140dfab831/8d282f9a-8eac-11ee-ab2e-8636be6bb170_20313272.jpg",
      "categories": [
        "TRVANLIVÉ",
        "RÝŽE A VAŘENÍ"
      ],
      "prices": [
        {
          "store_name": "Albert",
          "price": 42.9,
          "original_price": null,
          "unit_price": 107.25,
          "unit": "Kg",
          "package_size": "400 g",
          "condition": null
        }
      ],
      "description": null
    },
    {
      "name": "Delafaille Belgické pralinky",
      "brand": "Delafaille",
      "product_url": "https://wolt.com/cs/cze/prague/venue/albert-vinohradska/delafaille-belgicke-pralinky-itemid-64ca0b7cba162577de489d58",
      "image_url": "https://imageproxy.wolt.com/menu/menu-images/64ffec4406cca0140dfab831/fc7c0a94-8eb4-11ee-a97d-b6ff72c7a500_25460575.jpg",
      "categories": [
        "TRVANLIVÉ",
        "SLADKOSTI"
      ],
      "prices": [
        {
          "store_name": "Albert",
          "price": 249.0,
          "original_price": null,
          "unit_price": 1245.0,
          "unit": "Kg",
          "package_size": "200 g",
          "condition": null
        }
      ],
      "description": null
    },
    {
      "name": "Albert Mléko zahuštěné slazené",
      "brand": "Albert",
      "product_url": "https://wolt.com/cs/cze/prague/venue/albert-vinohradska/albert-mleko-zahustene-slazene-itemid-64ca0b7cba162577de48872b",
      "image_url": "https://imageproxy.wolt.com/menu/menu-images/63ad795db242366d1f818f36/95a3064a-be3e-11f0-84bf-262503d8c64e_25832990.jpg",
      "categories": [
        "MLÉČNÉ A CHLAZENÉ",
        "MLÉČNÉ NÁPOJE"
      ],
      "prices": [
        {
          "store_name": "Albert",
          "price": 44.9,
          "original_price": null,
          "unit_price": 113.1,
          "unit": "Kg",
          "package_size": "397 g",
          "condition": null
        }
      ],
      "description": null
    },
    {
      "name": "Mattoni Multi Jemně perlivá tropické ovoce",
      "brand": "Mattoni",
      "product_url": "https://wolt.com/cs/cze/prague/venue/albert-vinohradska/mattoni-multi-jemne-perliva-tropicke-ovoce-itemid-64ca0b7cba162577de48a5ce",
      "image_url": "https://imageproxy.wolt.com/menu/menu-images/64ffec4406cca0140dfab831/b3e702f2-8ec3-11ee-8fa1-ce752cd7e428_27419625.jpg",
      "categories": [
        "NÁPOJE",
        "VODY A MINERÁLKY"
      ],
      "prices": [
        {
          "store_name": "Albert",
          "price": 23.9,
          "original_price": null,
          "unit_price": 47.8,
          "unit": "l",
          "package_size": "500 ml",
          "condition": null
        }
      ],
      "description": null
    },
    {
      "name": "Activia Jogurtový nápoj malina, granátové jablko",
      "brand": "Activia",
      "product_url": "https://wolt.com/cs/cze/prague/venue/albert-vinohradska/activia-jogurtovy-napoj-malina-granatove-jablko-itemid-64ca0b7cba162577de48926e",
      "image_url": "https://imageproxy.wolt.com/menu/menu-images/64ffec4406cca0140dfab831/089cfc20-8eba-11ee-ae45-f676b94e1855_26554662.jpg",
      "categories": [
        "MLÉČNÉ A CHLAZENÉ",
        "MLÉČNÉ NÁPOJE"
      ],
      "prices": [
        {
          "store_name": "Albert",
          "price": 32.9,
          "original_price": null,
          "unit_price": 117.5,
          "unit": "Kg",
          "package_size": "280 g",
          "condition": null
        }
      ],
      "description": null
    },
    {
      "name": "World's Market Kokosové mléko",
      "brand": "World's Market",
      "product_url": "https://wolt.com/cs/cze/prague/venue/albert-vinohradska/world-s-market-kokosove-mleko-itemid-6601ebf1d7a2f82a83d99a49",
      "image_url": "https://imageproxy.wolt.com/menu/menu-images/63ad795db242366d1f818f36/1910ead0-9d13-11f0-bcd7-8e99ad55ff6b_27803202.jpg",
      "categories": [
        "TRVANLIVÉ",
        "MEZINÁRODNÍ KUCHYNĚ"
      ],
      "prices": [
        {
          "store_name": "Albert",
          "price": 29.9,
          "original_price": null,
          "unit_price": 149.5,
          "unit": "l",
          "package_size": "200 ml",
          "condition": null
        }
      ],
      "description": null
    },
    {
      "name": "Giana Sardinky v rajčatové omáčce",
      "brand": "Giana",
      "product_url": "https://wolt.com/cs/cze/prague/venue/albert-vinohradska/giana-sardinky-v-rajcatove-omacce-itemid-64ca0b7cba162577de489363",
      "image_url": "https://imageproxy.wolt.com/menu/menu-images/63ad795db242366d1f818f36/9b8d65de-9796-11ef-9870-2a7d7294fa39_21641282.jpg",
      "categories": [
        "TRVANLIVÉ",
        "KONZERVOVANÉ POTR."
      ],
      "prices": [
        {
          "store_name": "Albert",
          "price": 31.9,
          "original_price": null,
          "unit_price": 389.02,
          "unit": "Kg",
          "package_size": "82 g",
          "condition": null
        }
      ],
      "description": null
    },
    {
      "name": "Vitana Paprika gulášová mletá",
      "brand": "Vitana",
      "product_url": "https://wolt.com/cs/cze/prague/venue/albert-vinohradska/vitana-paprika-gulasova-mleta-itemid-64ca0b7cba162577de489582",
      "image_url": "https://imageproxy.wolt.com/menu/menu-images/64ffec4406cca0140dfab831/d4948f8c-8eba-11ee-a528-fe2992cf6bd0_26685120.jpg",
      "categories": [
        "TRVANLIVÉ",
        "KOŘENÍ A OCHUCOVADLA"
      ],
      "prices": [
        {
          "store_name": "Albert",
          "price": 19.9,
          "original_price": null,
          "unit_price": 865.22,
          "unit": "Kg",
          "package_size": "23 g",
          "condition": null
        }
      ],
      "description": null
    },
    {
      "name": "FuzeTea Strawberry Aloe Vera zelený ledový čaj",
      "brand": "FuzeTea",
      "product_url": "https://wolt.com/cs/cze/prague/venue/albert-vinohradska/fuzetea-strawberry-aloe-vera-zeleny-ledovy-caj-itemid-64ca0b7cba162577de489f7b",
      "image_url": "https://imageproxy.wolt.com/menu/menu-images/63ad795db242366d1f818f36/490d2a52-bbe4-11ef-8653-4e43ade1e19a_26915425.jpg",
      "categories": [
        "NÁPOJE",
        "LIMONÁDY"
      ],
      "prices": [
        {
          "store_name": "Albert",
          "price": 49.9,
          "original_price": null,
          "unit_price": 33.27,
          "unit": "l",
          "package_size": "1,5 l",
          "condition": null
        }
      ],
      "description": null
    },
    {
      "name": "Perla Espresso kapsle",
      "brand": "Perla",
      "product_url": "https://wolt.com/cs/cze/prague/venue/albert-vinohradska/perla-espresso-kapsle-itemid-64ca0b7cba162577de489a94",
      "image_url": "https://imageproxy.wolt.com/menu/menu-images/64ffec4406cca0140dfab831/a25a95fa-8ec1-11ee-89e7-eadfee8d92ce_27257142.jpg",
      "categories": [
        "NÁPOJE",
        "KÁVA A ČAJ"
      ],
      "prices": [
        {
          "store_name": "Albert",
          "price": 109.9,
          "original_price": null,
          "unit_price": 9.16,
          "unit": "ks",
          "package_size": "‪12‬ kusů",
          "condition": null
        }
      ],
      "description": null
    },
    {
      "name": "Taft Power Cashmere lak na vlasy",
      "brand": "Taft",
      "product_url": "https://wolt.com/cs/cze/prague/venue/albert-vinohradska/taft-power-cashmere-lak-na-vlasy-itemid-64ca0b7cba162577de489c41",
      "image_url": "https://imageproxy.wolt.com/menu/menu-images/63ad795db242366d1f818f36/3aa6a708-0b7d-11ef-a264-763622a046a0_24698719.jpg",
      "categories": [
        "DROGERIE A KOSMETIKA",
        "PÉČE O VLASY"
      ],
      "prices": [
        {
          "store_name": "Albert",
          "price": 119.9,
          "original_price": null,
          "unit_price": 479.6,
          "unit": "l",
          "package_size": "250 ml",
          "condition": null
        }
      ],
      "description": null
    },
    {
      "name": "Kinley Tonic Water",
      "brand": "Kinley",
      "product_url": "https://wolt.com/cs/cze/prague/venue/albert-vinohradska/kinley-tonic-water-itemid-64ca0b7cba162577de489897",
      "image_url": "https://imageproxy.wolt.com/menu/menu-images/63ad795db242366d1f818f36/1b880552-ed44-11ef-99de-62242cb3c19f_27081846.jpg",
      "categories": [
        "NÁPOJE",
        "LIMONÁDY"
      ],
      "prices": [
        {
          "store_name": "Albert",
          "price": 29.9,
          "original_price": null,
          "unit_price": 19.93,
          "unit": "l",
          "package_size": "1,5 l",
          "condition": null
        }
      ],
      "description": null
    },
    {
      "name": "Dr. Oetker Puding kokosový",
      "brand": "Dr. Oetker",
      "product_url": "https://wolt.com/cs/cze/prague/venue/albert-vinohradska/dr-oetker-puding-kokosovy-itemid-64ca0b7cba162577de489568",
      "image_url": "https://imageproxy.wolt.com/menu/menu-images/63ad795db242366d1f818f36/f8a17494-a8e9-11f0-be40-169608529419_23319431.jpg",
      "categories": [
        "TRVANLIVÉ",
        "PEČENÍ A VAŘENÍ"
      ],
      "prices": [
        {
          "store_name": "Albert",
          "price": 11.9,
          "original_price": null,
          "unit_price": 313.16,
          "unit": "Kg",
          "package_size": "38 g",
          "condition": null
        }
      ],
      "description": null
    },
    {
      "name": "Hennessy Very Special 40% dárkové balení",
      "brand": "Hennessy",
      "product_url": "https://wolt.com/cs/cze/prague/venue/albert-vinohradska/hennessy-very-special-40-darkove-baleni-itemid-64ca0b7cba162577de489cc7",
      "image_url": "https://imageproxy.wolt.com/menu/menu-images/64ffec4406cca0140dfab831/a90546b6-8ead-11ee-bdfa-1af7753b7a63_20981105.jpg",
      "categories": [
        "NÁPOJE",
        "LIHOVINY"
      ],
      "prices": [
        {
          "store_name": "Albert",
          "price": 1119.0,
          "original_price": null,
          "unit_price": 1598.57,
          "unit": "l",
          "package_size": "700 ml, 40% alc",
          "condition": "18+"
        }
      ],
      "description": null
    },
    {
      "name": "Albert Eidam 30% bloček cihla",
      "brand": "Albert",
      "product_url": "https://wolt.com/cs/cze/prague/venue/albert-vinohradska/albert-eidam-30-blocek-cihla-itemid-64ca0b7cba162577de4881d3",
      "image_url": "https://imageproxy.wolt.com/menu/menu-images/64ffec4406cca0140dfab831/ff86854e-8ebd-11ee-81d0-62f0ef4f63d8_26982601.jpg",
      "categories": [
        "MLÉČNÉ A CHLAZENÉ",
        "SÝRY"
      ],
      "prices": [
        {
          "store_name": "Albert",
          "price": 47.9,
          "original_price": null,
          "unit_price": 239.5,
          "unit": "Kg",
          "package_size": "200 g",
          "condition": null
        }
      ],
      "description": null
    },
    {
      "name": "Kinley Pink Berry",
      "brand": "Kinley",
      "product_url": "https://wolt.com/cs/cze/prague/venue/albert-vinohradska/kinley-pink-berry-itemid-64ca0b7cba162577de488625",
      "image_url": "https://imageproxy.wolt.com/menu/menu-images/63ad795db242366d1f818f36/df297450-7827-11f0-9405-8ae646140c72_27287798.jpg",
      "categories": [
        "NÁPOJE",
        "LIMONÁDY"
      ],
      "prices": [
        {
          "store_name": "Albert",
          "price": 29.9,
          "original_price": null,
          "unit_price": 19.93,
          "unit": "l",
          "package_size": "1,5 l",
          "condition": null
        }
      ],
      "description": null
    },
    {
      "name": "Nature's Promise Bio Baby Pyré hruška",
      "brand": "Nature's Promise",
      "product_url": "https://wolt.com/cs/cze/prague/venue/albert-vinohradska/nature-s-promise-bio-baby-pyre-hruska-itemid-657233256818b938df948706",
      "image_url": "https://imageproxy.wolt.com/menu/menu-images/64ffec4406cca0140dfab831/20e4e92e-8ebe-11ee-b4ae-5eb9bb96d91f_26992648.jpg",
      "categories": [
        "DÍTĚ",
        "VÝŽIVA"
      ],
      "prices": [
        {
          "store_name": "Albert",
          "price": 13.5,
          "original_price": null,
          "unit_price": 150.0,
          "unit": "Kg",
          "package_size": "90 g",
          "condition": null
        }
      ],
      "description": null
    },
    {
      "name": "Dobrá voda Minerální voda neperlivá jahoda",
      "brand": "Dobrá",
      "product_url": "https://wolt.com/cs/cze/prague/venue/albert-vinohradska/dobra-voda-mineralni-voda-neperliva-jahoda-itemid-64ca0b7cba162577de4886ef",
      "image_url": "https://imageproxy.wolt.com/menu/menu-images/64ffec4406cca0140dfab831/f2eab986-8eb3-11ee-9ec2-c6aa6b123400_25216202.jpg",
      "categories": [
        "NÁPOJE",
        "VODY A MINERÁLKY"
      ],
      "prices": [
        {
          "store_name": "Albert",
          "price": 20.9,
          "original_price": null,
          "unit_price": 13.93,
          "unit": "l",
          "package_size": "1,5 l",
          "condition": null
        }
      ],
      "description": null
    },
    {
      "name": "Lipánek MAXI kakaovo-banánový",
      "brand": "Lipánek",
      "product_url": "https://wolt.com/cs/cze/prague/venue/albert-vinohradska/lipanek-maxi-kakaovo-bananovy-itemid-64ca0b7cba162577de488261",
      "image_url": "https://imageproxy.wolt.com/menu/menu-images/64ffec4406cca0140dfab831/f6412e62-8eb3-11ee-a3d0-1627932f216d_25220599.jpg",
      "categories": [
        "MLÉČNÉ A CHLAZENÉ",
        "JOGURTY A DEZERTY"
      ],
      "prices": [
        {
          "store_name": "Albert",
          "price": 23.9,
          "original_price": null,
          "unit_price": 183.85,
          "unit": "Kg",
          "package_size": "130 g",
          "condition": null
        }
      ],
      "description": null
    },
    {
      "name": "Raid Past na mravence",
      "brand": "Raid",
      "product_url": "https://wolt.com/cs/cze/prague/venue/albert-vinohradska/raid-past-na-mravence-itemid-657233256818b938df94874a",
      "image_url": "https://imageproxy.wolt.com/menu/menu-images/64ffec4406cca0140dfab831/205883e6-8eb7-11ee-8ec4-ca3c3355ab39_25889949.jpg",
      "categories": [
        "DOMÁCNOST A ZAHRADA",
        "DŮM A BYT"
      ],
      "prices": [
        {
          "store_name": "Albert",
          "price": 119.9,
          "original_price": null,
          "unit_price": 119.9,
          "unit": "ks",
          "package_size": "‪1‬ kus",
          "condition": "Vyprodáno"
        }
      ],
      "description": null
    },
    {
      "name": "Kompek Vícezrnné bílkovinové pizza krekry",
      "brand": "Kompek",
      "product_url": "https://wolt.com/cs/cze/prague/venue/albert-vinohradska/kompek-vicezrnne-bilkovinove-pizza-krekry-itemid-657233256818b938df9485ed",
      "image_url": "https://imageproxy.wolt.com/menu/menu-images/64ffec4406cca0140dfab831/78decd70-8ebe-11ee-b826-fe8631c3d5e9_27032404.jpg",
      "categories": [
        "PEKÁRNA A CUKRÁRNA",
        "RACIO A KNÄCKEBROT"
      ],
      "prices": [
        {
          "store_name": "Albert",
          "price": 43.9,
          "original_price": null,
          "unit_price": 274.38,
          "unit": "Kg",
          "package_size": "160 g",
          "condition": null
        }
      ],
      "description": null
    },
    {
      "name": "Ehrmann High Protein Puding (mix příchutí)",
      "brand": "Ehrmann",
      "product_url": "https://wolt.com/cs/cze/prague/venue/albert-vinohradska/ehrmann-high-protein-puding-mix-prichuti-itemid-64ca0b7cba162577de4896e0",
      "image_url": "https://imageproxy.wolt.com/menu/menu-images/64ffec4406cca0140dfab831/0f717e78-8ebe-11ee-a7da-723b124ceb50_26987323.jpg",
      "categories": [
        "MLÉČNÉ A CHLAZENÉ",
        "JOGURTY A DEZERTY"
      ],
      "prices": [
        {
          "store_name": "Albert",
          "price": 53.9,
          "original_price": null,
          "unit_price": 269.5,
          "unit": "Kg",
          "package_size": "200 g",
          "condition": null
        }
      ],
      "description": null
    },
    {
      "name": "Sunar kašička borůvka, jablko, ovesné vločky 6m+",
      "brand": "Sunar",
      "product_url": "https://wolt.com/cs/cze/prague/venue/albert-vinohradska/sunar-kasicka-boruvka-jablko-ovesne-vlocky-6m-itemid-64ca0b7cba162577de48a294",
      "image_url": "https://imageproxy.wolt.com/menu/menu-images/64ffec4406cca0140dfab831/3a656b02-8eba-11ee-8ab8-be8c16d2d45a_26586953.jpg",
      "categories": [
        "DÍTĚ",
        "VÝŽIVA"
      ],
      "prices": [
        {
          "store_name": "Albert",
          "price": null,
          "original_price": null,
          "unit_price": 207.5,
          "unit": "Kg",
          "package_size": "120 g",
          "condition": "Sleva"
        }
      ],
      "description": null
    },
    {
      "name": "Madeta Eidam 30% plátky",
      "brand": "Madeta",
      "product_url": "https://wolt.com/cs/cze/prague/venue/albert-vinohradska/madeta-eidam-30-platky-itemid-64ca0b7cba162577de4881c5",
      "image_url": "https://imageproxy.wolt.com/menu/menu-images/64ffec4406cca0140dfab831/a481fddc-8ead-11ee-8a3b-361f92ce8d2c_20976927.jpg",
      "categories": [
        "MLÉČNÉ A CHLAZENÉ",
        "SÝRY"
      ],
      "prices": [
        {
          "store_name": "Albert",
          "price": 34.9,
          "original_price": null,
          "unit_price": 349.0,
          "unit": "Kg",
          "package_size": "100 g",
          "condition": null
        }
      ],
      "description": null
    },
    {
      "name": "Corega Original extra silný fixační krém",
      "brand": "Corega",
      "product_url": "https://wolt.com/cs/cze/prague/venue/albert-vinohradska/corega-original-extra-silny-fixacni-krem-itemid-64ca0b7cba162577de48a2a1",
      "image_url": "https://imageproxy.wolt.com/menu/menu-images/64ffec4406cca0140dfab831/be500734-8eb9-11ee-8146-2a867062f6f7_26480954.jpg",
      "categories": [
        "DROGERIE A KOSMETIKA",
        "ÚSTNÍ HYGIENA"
      ],
      "prices": [
        {
          "store_name": "Albert",
          "price": 199.0,
          "original_price": null,
          "unit_price": 2842.86,
          "unit": "Kg",
          "package_size": "70 g",
          "condition": null
        }
      ],
      "description": null
    },
    {
      "name": "Viennetta Vanilka",
      "brand": "Viennetta",
      "product_url": "https://wolt.com/cs/cze/prague/venue/albert-vinohradska/viennetta-vanilka-itemid-6876153a0c6218e9f3e5f405",
      "image_url": "https://imageproxy.wolt.com/menu/menu-images/64b62ec5e5ab70cdc92e30f0/e3387fc0-616e-11f0-ab8e-3a6622aa16f2_20392581.jpg",
      "categories": [
        "MRAŽENÉ POTRAVINY",
        "ZMRZLINA A NANUKY"
      ],
      "prices": [
        {
          "store_name": "Albert",
          "price": 76.9,
          "original_price": null,
          "unit_price": 118.31,
          "unit": "l",
          "package_size": "650 ml",
          "condition": null
        }
      ],
      "description": null
    },
    {
      "name": "Lipton Ledový čaj s příchutí citrónu",
      "brand": "Lipton",
      "product_url": "https://wolt.com/cs/cze/prague/venue/albert-vinohradska/lipton-ledovy-caj-s-prichuti-citronu-itemid-64ca0b7cba162577de4890ae",
      "image_url": "https://imageproxy.wolt.com/menu/menu-images/63ad795db242366d1f818f36/9985aa26-df7c-11ee-a865-56c4cbb41774_22941879.jpg",
      "categories": [
        "NÁPOJE",
        "LIMONÁDY"
      ],
      "prices": [
        {
          "store_name": "Albert",
          "price": 41.9,
          "original_price": null,
          "unit_price": 27.93,
          "unit": "l",
          "package_size": "1,5 l",
          "condition": null
        }
      ],
      "description": null
    },
    {
      "name": "Albert Škrob bramborový",
      "brand": "Albert",
      "product_url": "https://wolt.com/cs/cze/prague/venue/albert-vinohradska/albert-skrob-bramborovy-itemid-64ca0b7cba162577de488829",
      "image_url": "https://imageproxy.wolt.com/menu/menu-images/64ffec4406cca0140dfab831/3a955abc-8ec2-11ee-8cb2-46b0bb5ce808_27289440.jpg",
      "categories": [
        "TRVANLIVÉ",
        "PEČENÍ A VAŘENÍ"
      ],
      "prices": [
        {
          "store_name": "Albert",
          "price": 25.9,
          "original_price": null,
          "unit_price": 129.5,
          "unit": "Kg",
          "package_size": "200 g",
          "condition": null
        }
      ],
      "description": null
    },
    {
      "name": "Myia Dezert plody moře",
      "brand": "Myia",
      "product_url": "https://wolt.com/cs/cze/prague/venue/albert-vinohradska/myia-dezert-plody-more-itemid-657233256818b938df9478d8",
      "image_url": "https://imageproxy.wolt.com/menu/menu-images/63ad795db242366d1f818f36/43e29612-7826-11f0-a0aa-12f9c99270af_26733555.jpg",
      "categories": [
        "TRVANLIVÉ",
        "SLADKOSTI"
      ],
      "prices": [
        {
          "store_name": "Albert",
          "price": 79.9,
          "original_price": null,
          "unit_price": 319.6,
          "unit": "Kg",
          "package_size": "250 g",
          "condition": null
        }
      ],
      "description": null
    },
    {
      "name": "Lay's Oven Baked jogurt a bylinky",
      "brand": "Lay's",
      "product_url": "https://wolt.com/cs/cze/prague/venue/albert-vinohradska/lay-s-oven-baked-jogurt-a-bylinky-itemid-64ca0b7cba162577de48a706",
      "image_url": "https://imageproxy.wolt.com/menu/menu-images/64ffec4406cca0140dfab831/5445845c-8eca-11ee-8a17-9ed69e6fc87d_27775073.jpg",
      "categories": [
        "TRVANLIVÉ",
        "SLANÉ"
      ],
      "prices": [
        {
          "store_name": "Albert",
          "price": 39.9,
          "original_price": null,
          "unit_price": 362.73,
          "unit": "Kg",
          "package_size": "110 g",
          "condition": null
        }
      ],
      "description": null
    },
    {
      "name": "RC Cola",
      "brand": "RC",
      "product_url": "https://wolt.com/cs/cze/prague/venue/albert-vinohradska/rc-cola-itemid-64ca0b7cba162577de489192",
      "image_url": "https://imageproxy.wolt.com/menu/menu-images/6745ec28c3b7723db3588430/0e9dcace-da6b-11f0-bcbe-924e1bb1a261_25238396.jpg",
      "categories": [
        "NÁPOJE",
        "LIMONÁDY"
      ],
      "prices": [
        {
          "store_name": "Albert",
          "price": 30.9,
          "original_price": null,
          "unit_price": 20.6,
          "unit": "l",
          "package_size": "1,5 l",
          "condition": null
        }
      ],
      "description": null
    },
    {
      "name": "Kubík Play příchuť jahoda",
      "brand": "Kubík",
      "product_url": "https://wolt.com/cs/cze/prague/venue/albert-vinohradska/kubik-play-prichut-jahoda-itemid-681b5abffcbd67bf7a8f4a5f",
      "image_url": "https://imageproxy.wolt.com/menu/menu-images/63ad795db242366d1f818f36/d6fc8d76-2b47-11f0-b7bf-3e216c768122_27971444.jpg",
      "categories": [
        "NÁPOJE",
        "LIMONÁDY"
      ],
      "prices": [
        {
          "store_name": "Albert",
          "price": 15.9,
          "original_price": null,
          "unit_price": 39.75,
          "unit": "l",
          "package_size": "400 ml",
          "condition": null
        }
      ],
      "description": null
    },
    {
      "name": "Vitana Majoránka",
      "brand": "Vitana",
      "product_url": "https://wolt.com/cs/cze/prague/venue/albert-vinohradska/vitana-majoranka-itemid-64ca0b7cba162577de48a078",
      "image_url": "https://imageproxy.wolt.com/menu/menu-images/64ffec4406cca0140dfab831/cc070124-8eba-11ee-bd4a-22a8008f3216_26685007.jpg",
      "categories": [
        "TRVANLIVÉ",
        "KOŘENÍ A OCHUCOVADLA"
      ],
      "prices": [
        {
          "store_name": "Albert",
          "price": 15.9,
          "original_price": null,
          "unit_price": 3180.0,
          "unit": "Kg",
          "package_size": "5 g",
          "condition": null
        }
      ],
      "description": null
    },
    {
      "name": "Giana Broskve",
      "brand": "Giana",
      "product_url": "https://wolt.com/cs/cze/prague/venue/albert-vinohradska/giana-broskve-itemid-64ca0b7cba162577de48942c",
      "image_url": "https://imageproxy.wolt.com/menu/menu-images/64ffec4406cca0140dfab831/cdfff6be-8ead-11ee-9c39-12ad6b72684e_21261251.jpg",
      "categories": [
        "TRVANLIVÉ",
        "KONZERVOVANÉ POTR."
      ],
      "prices": [
        {
          "store_name": "Albert",
          "price": 95.3,
          "original_price": null,
          "unit_price": 202.77,
          "unit": "Kg",
          "package_size": "470 g",
          "condition": null
        }
      ],
      "description": null
    },
    {
      "name": "Jar Original MAXI kapsle do myčky nádobí",
      "brand": "Jar",
      "product_url": "https://wolt.com/cs/cze/prague/venue/albert-vinohradska/jar-original-maxi-kapsle-do-mycky-nadobi-itemid-64ca0b7cba162577de48a576",
      "image_url": "https://imageproxy.wolt.com/menu/menu-images/63ad795db242366d1f818f36/0f72cc7a-bbe4-11ef-8c40-2e62bb526984_27669457.jpg",
      "categories": [
        "DROGERIE A KOSMETIKA",
        "MYTÍ NÁDOBÍ"
      ],
      "prices": [
        {
          "store_name": "Albert",
          "price": 499.0,
          "original_price": null,
          "unit_price": 4.99,
          "unit": "ks",
          "package_size": "‪100‬ kusů",
          "condition": null
        }
      ],
      "description": null
    },
    {
      "name": "Relax 100% jablko",
      "brand": "Relax",
      "product_url": "https://wolt.com/cs/cze/prague/venue/albert-vinohradska/relax-100-jablko-itemid-64ca0b7cba162577de4892a5",
      "image_url": "https://imageproxy.wolt.com/menu/menu-images/64ffec4406cca0140dfab831/d68130fa-8ebc-11ee-9cfd-cef5e19e5e09_26877150.jpg",
      "categories": [
        "NÁPOJE",
        "DŽUSY A NEKTARY"
      ],
      "prices": [
        {
          "store_name": "Albert",
          "price": 59.9,
          "original_price": null,
          "unit_price": 59.9,
          "unit": "l",
          "package_size": "1 l",
          "condition": null
        }
      ],
      "description": null
    },
    {
      "name": "Albert Instantní polévka žampionová",
      "brand": "Albert",
      "product_url": "https://wolt.com/cs/cze/prague/venue/albert-vinohradska/albert-instantni-polevka-zampionova-itemid-66021f2ac315873ee3a19b1b",
      "image_url": "https://imageproxy.wolt.com/menu/menu-images/63ad795db242366d1f818f36/5558f804-bbe4-11ef-a627-125d263866a2_26699141.jpg",
      "categories": [
        "TRVANLIVÉ",
        "INSTANTNÍ POKRMY"
      ],
      "prices": [
        {
          "store_name": "Albert",
          "price": 6.9,
          "original_price": null,
          "unit_price": 405.88,
          "unit": "Kg",
          "package_size": "17 g",
          "condition": null
        }
      ],
      "description": null
    },
    {
      "name": "Heinz Kečup jemný",
      "brand": "Heinz",
      "product_url": "https://wolt.com/cs/cze/prague/venue/albert-vinohradska/heinz-kecup-jemny-itemid-6601eb2df9cabb35fca35883",
      "image_url": "https://imageproxy.wolt.com/menu/menu-images/6601c613e48d1c8d95333085/0176d588-eae5-11ee-ad24-f2c1f47dde5c_27754283.jpg",
      "categories": [
        "TRVANLIVÉ",
        "KEČUPY A HOŘČICE"
      ],
      "prices": [
        {
          "store_name": "Albert",
          "price": null,
          "original_price": null,
          "unit_price": 97.0,
          "unit": "Kg",
          "package_size": "700 g",
          "condition": "Sleva, Vyprodáno"
        }
      ],
      "description": null
    },
    {
      "name": "Olma Pierot Smetanový jogurt černá třešeň",
      "brand": "Olma",
      "product_url": "https://wolt.com/cs/cze/prague/venue/albert-vinohradska/olma-pierot-smetanovy-jogurt-cerna-tresen-itemid-64ca0b7cba162577de489225",
      "image_url": "https://imageproxy.wolt.com/menu/menu-images/64ffec4406cca0140dfab831/95ee5a48-8eaf-11ee-a478-1aabffa83dfd_23393899.jpg",
      "categories": [
        "MLÉČNÉ A CHLAZENÉ",
        "JOGURTY A DEZERTY"
      ],
      "prices": [
        {
          "store_name": "Albert",
          "price": 24.9,
          "original_price": null,
          "unit_price": 142.29,
          "unit": "Kg",
          "package_size": "175 g",
          "condition": null
        }
      ],
      "description": null
    },
    {
      "name": "Linteo Papírové kapesníky box",
      "brand": "Linteo",
      "product_url": "https://wolt.com/cs/cze/prague/venue/albert-vinohradska/linteo-papirove-kapesniky-box-itemid-6601e1969492a5dc09a706cd",
      "image_url": "https://imageproxy.wolt.com/menu/menu-images/6601c613e48d1c8d95333085/2fe3d444-eae4-11ee-94c5-b61162878c08_27463550.jpg",
      "categories": [
        "DROGERIE A KOSMETIKA",
        "PAPÍROVÁ HYGIENA"
      ],
      "prices": [
        {
          "store_name": "Albert",
          "price": 44.9,
          "original_price": null,
          "unit_price": 0.5,
          "unit": "ks",
          "package_size": "‪90‬ kusů",
          "condition": null
        }
      ],
      "description": null
    },
    {
      "name": "Gustona Kečup jemný",
      "brand": "Gustona",
      "product_url": "https://wolt.com/cs/cze/prague/venue/albert-vinohradska/gustona-kecup-jemny-itemid-657233256818b938df94782c",
      "image_url": "https://imageproxy.wolt.com/menu/menu-images/63ad795db242366d1f818f36/da73b02e-7827-11f0-bf48-ca5d23d4c467_27256046.jpg",
      "categories": [
        "TRVANLIVÉ",
        "KEČUPY A HOŘČICE"
      ],
      "prices": [
        {
          "store_name": "Albert",
          "price": 34.9,
          "original_price": null,
          "unit_price": 69.8,
          "unit": "Kg",
          "package_size": "500 g",
          "condition": null
        }
      ],
      "description": null
    },
    {
      "name": "Hamé Křeník",
      "brand": "Hamé",
      "product_url": "https://wolt.com/cs/cze/prague/venue/albert-vinohradska/hame-krenik-itemid-657233256818b938df947895",
      "image_url": "https://imageproxy.wolt.com/menu/menu-images/64ffec4406cca0140dfab831/f747da50-8ead-11ee-9ed4-3a28549054af_21490293.jpg",
      "categories": [
        "TRVANLIVÉ",
        "KEČUPY A HOŘČICE"
      ],
      "prices": [
        {
          "store_name": "Albert",
          "price": 47.9,
          "original_price": null,
          "unit_price": 368.46,
          "unit": "Kg",
          "package_size": "130 g",
          "condition": null
        }
      ],
      "description": null
    },
    {
      "name": "Hovězí žebra s kostí",
      "brand": "Hovězí",
      "product_url": "https://wolt.com/cs/cze/prague/venue/albert-vinohradska/hovezi-zebra-s-kosti-itemid-64ca0b7cba162577de488b5d",
      "image_url": "https://imageproxy.wolt.com/menu/menu-images/63ad795db242366d1f818f36/c031dfde-ed43-11ef-a0b4-5a91ca063e38_23279537.jpg",
      "categories": [
        "MASO A RYBY",
        "HOVĚZÍ A TELECÍ"
      ],
      "prices": [
        {
          "store_name": "Albert",
          "price": 171.75,
          "original_price": null,
          "unit_price": null,
          "unit": null,
          "package_size": null,
          "condition": null
        }
      ],
      "description": null
    },
    {
      "name": "Habánské sklepy Sauvignon",
      "brand": "Habánské sklepy",
      "product_url": "https://wolt.com/cs/cze/prague/venue/albert-vinohradska/habanske-sklepy-sauvignon-itemid-64ca0b7cba162577de4888db",
      "image_url": "https://imageproxy.wolt.com/menu/menu-images/64ffec4406cca0140dfab831/b393405e-8eaf-11ee-8414-6294619ebc29_23487383.jpg",
      "categories": [
        "NÁPOJE",
        "VÍNA"
      ],
      "prices": [
        {
          "store_name": "Albert",
          "price": 119.9,
          "original_price": null,
          "unit_price": 159.87,
          "unit": "l",
          "package_size": "750 ml, 12% alc",
          "condition": "18+"
        }
      ],
      "description": null
    },
    {
      "name": "Gerber Organic Křupky banánové",
      "brand": "Gerber",
      "product_url": "https://wolt.com/cs/cze/prague/venue/albert-vinohradska/gerber-organic-krupky-bananove-itemid-6601e066b73ad7bfe16a7048",
      "image_url": "https://imageproxy.wolt.com/menu/menu-images/63ad795db242366d1f818f36/8effe21c-5efa-11ef-8852-ea9e624525eb_27642511.jpg",
      "categories": [
        "DÍTĚ",
        "VÝŽIVA"
      ],
      "prices": [
        {
          "store_name": "Albert",
          "price": 49.9,
          "original_price": null,
          "unit_price": 1425.71,
          "unit": "Kg",
          "package_size": "35 g",
          "condition": null
        }
      ],
      "description": null
    },
    {
      "name": "San Benedetto Citron Zero",
      "brand": "San",
      "product_url": "https://wolt.com/cs/cze/prague/venue/albert-vinohradska/san-benedetto-citron-zero-itemid-657233256818b938df9489b7",
      "image_url": "https://imageproxy.wolt.com/menu/menu-images/64ffec4406cca0140dfab831/74107a74-8ec7-11ee-9e1c-22bb34ae47e9_27658697.jpg",
      "categories": [
        "NÁPOJE",
        "VODY A MINERÁLKY"
      ],
      "prices": [
        {
          "store_name": "Albert",
          "price": 41.9,
          "original_price": null,
          "unit_price": 55.87,
          "unit": "l",
          "package_size": "750 ml",
          "condition": null
        }
      ],
      "description": null
    },
    {
      "name": "Dr. Oetker Puding Naturamyl vanilkový",
      "brand": "Dr. Oetker",
      "product_url": "https://wolt.com/cs/cze/prague/venue/albert-vinohradska/dr-oetker-puding-naturamyl-vanilkovy-itemid-64ca0b7cba162577de4883f1",
      "image_url": "https://imageproxy.wolt.com/menu/menu-images/63ad795db242366d1f818f36/e8160f36-a8e9-11f0-9b14-0642014fd71d_20304386.jpg",
      "categories": [
        "TRVANLIVÉ",
        "PEČENÍ A VAŘENÍ"
      ],
      "prices": [
        {
          "store_name": "Albert",
          "price": 9.9,
          "original_price": null,
          "unit_price": 267.57,
          "unit": "Kg",
          "package_size": "37 g",
          "condition": null
        }
      ],
      "description": null
    },
    {
      "name": "Meining Vepřové maso ve vlastní šťávě",
      "brand": "Meining",
      "product_url": "https://wolt.com/cs/cze/prague/venue/albert-vinohradska/meining-veprove-maso-ve-vlastni-stave-itemid-64ca0b7cba162577de488a1f",
      "image_url": "https://imageproxy.wolt.com/menu/menu-images/64ffec4406cca0140dfab831/571464c0-8eb4-11ee-956f-c64f1deb8de2_25287318.jpg",
      "categories": [
        "TRVANLIVÉ",
        "KONZERVOVANÉ POTR."
      ],
      "prices": [
        {
          "store_name": "Albert",
          "price": 44.9,
          "original_price": null,
          "unit_price": 112.25,
          "unit": "Kg",
          "package_size": "400 g",
          "condition": null
        }
      ],
      "description": null
    },
    {
      "name": "Albert Linecké rohlíčky polomáčené",
      "brand": "Albert",
      "product_url": "https://wolt.com/cs/cze/prague/venue/albert-vinohradska/albert-linecke-rohlicky-polomacene-itemid-657233256818b938df947866",
      "image_url": "https://imageproxy.wolt.com/menu/menu-images/64ffec4406cca0140dfab831/ac1ad092-8eb1-11ee-8999-865f2970631c_24468855.jpg",
      "categories": [
        "PEKÁRNA A CUKRÁRNA",
        "SLADKÉ PEČIVO BALENÉ"
      ],
      "prices": [
        {
          "store_name": "Albert",
          "price": 29.9,
          "original_price": null,
          "unit_price": 175.88,
          "unit": "Kg",
          "package_size": "170 g",
          "condition": null
        }
      ],
      "description": null
    },
    {
      "name": "Milano Mléčná pochoutka",
      "brand": "Milano",
      "product_url": "https://wolt.com/cs/cze/prague/venue/albert-vinohradska/milano-mlecna-pochoutka-itemid-64ca0b7cba162577de489cf2",
      "image_url": "https://imageproxy.wolt.com/menu/menu-images/64ffec4406cca0140dfab831/95eeb5f6-8eaf-11ee-acdf-1ef82258dff4_23395848.jpg",
      "categories": [
        "TRVANLIVÉ",
        "SLADKOSTI"
      ],
      "prices": [
        {
          "store_name": "Albert",
          "price": 19.9,
          "original_price": null,
          "unit_price": 221.11,
          "unit": "Kg",
          "package_size": "90 g",
          "condition": null
        }
      ],
      "description": null
    },
    {
      "name": "Strážnické brambůrky Hobžovy česnekové",
      "brand": "Strážnické",
      "product_url": "https://wolt.com/cs/cze/prague/venue/albert-vinohradska/straznicke-bramburky-hobzovy-cesnekove-itemid-64ca0b7cba162577de488255",
      "image_url": "https://imageproxy.wolt.com/menu/menu-images/63ad795db242366d1f818f36/3cfae2f4-e818-11ee-8231-825165eeb9ef_20320805.jpg",
      "categories": [
        "TRVANLIVÉ",
        "SLANÉ"
      ],
      "prices": [
        {
          "store_name": "Albert",
          "price": 12.9,
          "original_price": null,
          "unit_price": 215.0,
          "unit": "Kg",
          "package_size": "60 g",
          "condition": null
        }
      ],
      "description": null
    },
    {
      "name": "Albert Nektar multivitamín 50%",
      "brand": "Albert",
      "product_url": "https://wolt.com/cs/cze/prague/venue/albert-vinohradska/albert-nektar-multivitamin-50-itemid-64ca0b7cba162577de4891fa",
      "image_url": "https://imageproxy.wolt.com/menu/menu-images/64ffec4406cca0140dfab831/fd1e54ce-8ebf-11ee-90fb-6e81ffaa4982_27151051.jpg",
      "categories": [
        "NÁPOJE",
        "DŽUSY A NEKTARY"
      ],
      "prices": [
        {
          "store_name": "Albert",
          "price": 29.9,
          "original_price": null,
          "unit_price": 29.9,
          "unit": "l",
          "package_size": "1 l",
          "condition": null
        }
      ],
      "description": null
    },
    {
      "name": "Efko Kysané zelí bílé",
      "brand": "Efko",
      "product_url": "https://wolt.com/cs/cze/prague/venue/albert-vinohradska/efko-kysane-zeli-bile-itemid-657233256818b938df948513",
      "image_url": "https://imageproxy.wolt.com/menu/menu-images/63ad795db242366d1f818f36/1dae93ae-2b48-11f0-a4ad-dab50cfa5737_20323790.jpg",
      "categories": [
        "OVOCE A ZELENINA",
        "ZELENINA"
      ],
      "prices": [
        {
          "store_name": "Albert",
          "price": null,
          "original_price": null,
          "unit_price": 50.89,
          "unit": "Kg",
          "package_size": "450 g",
          "condition": "Sleva"
        }
      ],
      "description": null
    },
    {
      "name": "Bumbu Original 40%",
      "brand": "Bumbu",
      "product_url": "https://wolt.com/cs/cze/prague/venue/albert-vinohradska/bumbu-original-40-itemid-657233256818b938df948602",
      "image_url": "https://imageproxy.wolt.com/menu/menu-images/64ffec4406cca0140dfab831/d2956df0-8ec9-11ee-be76-fa8414d4bbe8_27758663.jpg",
      "categories": [
        "NÁPOJE",
        "LIHOVINY"
      ],
      "prices": [
        {
          "store_name": "Albert",
          "price": 1029.0,
          "original_price": null,
          "unit_price": 1470.0,
          "unit": "l",
          "package_size": "700 ml, 40% alc",
          "condition": "18+"
        }
      ],
      "description": null
    },
    {
      "name": "Seeberger Výběrová směs ořechů",
      "brand": "Seeberger",
      "product_url": "https://wolt.com/cs/cze/prague/venue/albert-vinohradska/seeberger-vyberova-smes-orechu-itemid-64ca0b7cba162577de489b6f",
      "image_url": "https://imageproxy.wolt.com/menu/menu-images/64ffec4406cca0140dfab831/3cb4abbc-8eb9-11ee-adda-7a4dcb26504b_26387697.jpg",
      "categories": [
        "OVOCE A ZELENINA",
        "SUCHÉ PLODY"
      ],
      "prices": [
        {
          "store_name": "Albert",
          "price": 119.9,
          "original_price": null,
          "unit_price": 799.33,
          "unit": "Kg",
          "package_size": "150 g",
          "condition": null
        }
      ],
      "description": null
    },
    {
      "name": "Albert Sleďové filety v hořčičné omáčce",
      "brand": "Albert",
      "product_url": "https://wolt.com/cs/cze/prague/venue/albert-vinohradska/albert-sledove-filety-v-horcicne-omacce-itemid-64ca0b7cba162577de489946",
      "image_url": "https://imageproxy.wolt.com/menu/menu-images/64ffec4406cca0140dfab831/a9a0366a-8ebe-11ee-ba66-3a3bddbb56de_27046296.jpg",
      "categories": [
        "UZENINY A LAHŮDKY",
        "RYBÍ SPECIALITY"
      ],
      "prices": [
        {
          "store_name": "Albert",
          "price": 59.9,
          "original_price": null,
          "unit_price": 199.67,
          "unit": "Kg",
          "package_size": "300 g",
          "condition": null
        }
      ],
      "description": null
    },
    {
      "name": "Nature's Promise Bio Sterilovaný hrášek",
      "brand": "Nature's Promise",
      "product_url": "https://wolt.com/cs/cze/prague/venue/albert-vinohradska/nature-s-promise-bio-sterilovany-hrasek-itemid-657233256818b938df94788a",
      "image_url": "https://imageproxy.wolt.com/menu/menu-images/63ad795db242366d1f818f36/34c05ef2-ed44-11ef-a7b9-46a20cae12e9_27620939.jpg",
      "categories": [
        "TRVANLIVÉ",
        "KONZERVOVANÉ POTR."
      ],
      "prices": [
        {
          "store_name": "Albert",
          "price": null,
          "original_price": null,
          "unit_price": 99.71,
          "unit": "Kg",
          "package_size": "340 g",
          "condition": "Sleva"
        }
      ],
      "description": null
    },
    {
      "name": "Gourmet Gold Savoury Cake s kuřetem a mrkví",
      "brand": "Gourmet",
      "product_url": "https://wolt.com/cs/cze/prague/venue/albert-vinohradska/gourmet-gold-savoury-cake-s-kuretem-a-mrkvi-itemid-69309ace56094a48f214fd30",
      "image_url": "https://imageproxy.wolt.com/menu/menu-images/6601c613e48d1c8d95333085/2dcc58b2-eae3-11ee-947c-b20fca39c28b_26573229.jpg",
      "categories": [
        "ZVÍŘATA",
        "KOČKY"
      ],
      "prices": [
        {
          "store_name": "Albert",
          "price": 19.9,
          "original_price": null,
          "unit_price": 234.12,
          "unit": "Kg",
          "package_size": "85 g",
          "condition": null
        }
      ],
      "description": null
    },
    {
      "name": "Toamo papírové ubrousky 1 00ks",
      "brand": "Toamo",
      "product_url": "https://wolt.com/cs/cze/prague/venue/albert-vinohradska/toamo-papirove-ubrousky-1-00ks-itemid-64ca0b7cba162577de48943b",
      "image_url": "https://imageproxy.wolt.com/menu/menu-images/64ffec4406cca0140dfab831/49bdbbf0-8ebe-11ee-a7a4-02af1dc0d2ec_27016527.jpg",
      "categories": [
        "DOMÁCNOST A ZAHRADA",
        "KUCHYŇSKÉ POTŘEBY"
      ],
      "prices": [
        {
          "store_name": "Albert",
          "price": 27.9,
          "original_price": null,
          "unit_price": 0.28,
          "unit": "ks",
          "package_size": "‪100‬ kusů",
          "condition": null
        }
      ],
      "description": null
    },
    {
      "name": "Medokomerc Med Lipový",
      "brand": "Medokomerc",
      "product_url": "https://wolt.com/cs/cze/prague/venue/albert-vinohradska/medokomerc-med-lipovy-itemid-681b5abffcbd67bf7a8f4ad8",
      "image_url": "https://imageproxy.wolt.com/menu/menu-images/63ad795db242366d1f818f36/086e2d20-2b47-11f0-828c-b6a5f6772a81_24859790.jpg",
      "categories": [
        "TRVANLIVÉ",
        "MEDY A SL. POMAZÁNKY"
      ],
      "prices": [
        {
          "store_name": "Albert",
          "price": 119.9,
          "original_price": null,
          "unit_price": 239.8,
          "unit": "Kg",
          "package_size": "500 g",
          "condition": null
        }
      ],
      "description": null
    },
    {
      "name": "Albert Čerstvá šťáva ananas",
      "brand": "Albert",
      "product_url": "https://wolt.com/cs/cze/prague/venue/albert-vinohradska/albert-cerstva-stava-ananas-itemid-64ca0b7cba162577de488889",
      "image_url": "https://imageproxy.wolt.com/menu/menu-images/64ffec4406cca0140dfab831/c9ef52aa-8ec0-11ee-95fa-52a4ddf1765f_27195147.jpg",
      "categories": [
        "NÁPOJE",
        "DŽUSY A NEKTARY"
      ],
      "prices": [
        {
          "store_name": "Albert",
          "price": 84.9,
          "original_price": null,
          "unit_price": 113.2,
          "unit": "l",
          "package_size": "750 ml",
          "condition": "Vyprodáno"
        }
      ],
      "description": null
    },
    {
      "name": "DrWitt Fit Mango, citrón a zelený čaj",
      "brand": "DrWitt",
      "product_url": "https://wolt.com/cs/cze/prague/venue/albert-vinohradska/drwitt-fit-mango-citron-a-zeleny-caj-itemid-64ca0b7cba162577de48966e",
      "image_url": "https://imageproxy.wolt.com/menu/menu-images/64ffec4406cca0140dfab831/89310098-8ebf-11ee-9fa6-aef8df37f9e5_27123232.jpg",
      "categories": [
        "NÁPOJE",
        "ENERGY NÁPOJE"
      ],
      "prices": [
        {
          "store_name": "Albert",
          "price": 31.9,
          "original_price": null,
          "unit_price": 42.53,
          "unit": "l",
          "package_size": "750 ml",
          "condition": null
        }
      ],
      "description": null
    },
    {
      "name": "Dr. Oetker Čokoládové Brownies",
      "brand": "Dr. Oetker",
      "product_url": "https://wolt.com/cs/cze/prague/venue/albert-vinohradska/dr-oetker-cokoladove-brownies-itemid-6601eab228ac5afd6b8d3c13",
      "image_url": "https://imageproxy.wolt.com/menu/menu-images/63ad795db242366d1f818f36/fcd330d4-a8e9-11f0-9c75-364ebb6da15b_24421690.jpg",
      "categories": [
        "TRVANLIVÉ",
        "PEČENÍ A VAŘENÍ"
      ],
      "prices": [
        {
          "store_name": "Albert",
          "price": 79.9,
          "original_price": null,
          "unit_price": 199.75,
          "unit": "Kg",
          "package_size": "400 g",
          "condition": null
        }
      ],
      "description": null
    },
    {
      "name": "Albert Sýr ementálského typu 45% plátky",
      "brand": "Albert",
      "product_url": "https://wolt.com/cs/cze/prague/venue/albert-vinohradska/albert-syr-ementalskeho-typu-45-platky-itemid-64ca0b7cba162577de489a18",
      "image_url": "https://imageproxy.wolt.com/menu/menu-images/64ffec4406cca0140dfab831/c9014be4-8ebd-11ee-818b-be2d1bdd5ebf_26965949.jpg",
      "categories": [
        "MLÉČNÉ A CHLAZENÉ",
        "SÝRY"
      ],
      "prices": [
        {
          "store_name": "Albert",
          "price": 39.9,
          "original_price": null,
          "unit_price": 266.0,
          "unit": "Kg",
          "package_size": "150 g",
          "condition": null
        }
      ],
      "description": null
    },
    {
      "name": "Mixit Müsli Cvičme v rytme",
      "brand": "Mixit",
      "product_url": "https://wolt.com/cs/cze/prague/venue/albert-vinohradska/mixit-musli-cvicme-v-rytme-itemid-681b5abffcbd67bf7a8f4a20",
      "image_url": "https://imageproxy.wolt.com/menu/menu-images/63ad795db242366d1f818f36/b1d35c50-2b47-11f0-8f49-06428b1fb390_27958469.jpg",
      "categories": [
        "TRVANLIVÉ",
        "MÜSLI A CEREÁLIE"
      ],
      "prices": [
        {
          "store_name": "Albert",
          "price": 189.0,
          "original_price": null,
          "unit_price": 378.0,
          "unit": "Kg",
          "package_size": "500 g",
          "condition": "Vyprodáno"
        }
      ],
      "description": null
    },
    {
      "name": "Albert Excellent Sous Vide kachní prsa",
      "brand": "Albert Excellent",
      "product_url": "https://wolt.com/cs/cze/prague/venue/albert-vinohradska/albert-excellent-sous-vide-kachni-prsa-itemid-64ca0b7cba162577de4887ad",
      "image_url": "https://imageproxy.wolt.com/menu/menu-images/63ad795db242366d1f818f36/8524a6e0-998b-11ee-8651-daf707c3539b_27186046.jpg",
      "categories": [
        "MASO A RYBY",
        "DRŮBEŽ"
      ],
      "prices": [
        {
          "store_name": "Albert",
          "price": 169.0,
          "original_price": null,
          "unit_price": 318.87,
          "unit": "Kg",
          "package_size": "530 g",
          "condition": null
        }
      ],
      "description": null
    },
    {
      "name": "Pochoutka arašídová",
      "brand": "Pochoutka",
      "product_url": "https://wolt.com/cs/cze/prague/venue/albert-vinohradska/pochoutka-arasidova-itemid-64ca0b7cba162577de4896f9",
      "image_url": "https://imageproxy.wolt.com/menu/menu-images/64ffec4406cca0140dfab831/95eed856-8eaf-11ee-a1ba-4e1b0e3e674e_23395855.jpg",
      "categories": [
        "TRVANLIVÉ",
        "SLADKOSTI"
      ],
      "prices": [
        {
          "store_name": "Albert",
          "price": 19.9,
          "original_price": null,
          "unit_price": 221.11,
          "unit": "Kg",
          "package_size": "90 g",
          "condition": null
        }
      ],
      "description": null
    },
    {
      "name": "Albert GoNuts Mandle pražené, solené",
      "brand": "Albert",
      "product_url": "https://wolt.com/cs/cze/prague/venue/albert-vinohradska/albert-gonuts-mandle-prazene-solene-itemid-64ca0b7cba162577de4897b4",
      "image_url": "https://imageproxy.wolt.com/menu/menu-images/63ad795db242366d1f818f36/faa4cdf0-4804-11ef-94ce-f2df50c09cc0_27538203.jpg",
      "categories": [
        "TRVANLIVÉ",
        "SLANÉ"
      ],
      "prices": [
        {
          "store_name": "Albert",
          "price": 24.9,
          "original_price": null,
          "unit_price": 415.0,
          "unit": "Kg",
          "package_size": "60 g",
          "condition": null
        }
      ],
      "description": null
    },
    {
      "name": "Felix Party Mix Ocean losos, treska a pstruh",
      "brand": "Felix",
      "product_url": "https://wolt.com/cs/cze/prague/venue/albert-vinohradska/felix-party-mix-ocean-losos-treska-a-pstruh-itemid-66021a1db2d94c82e07d7386",
      "image_url": "https://imageproxy.wolt.com/menu/menu-images/6601c613e48d1c8d95333085/cc2f1982-eae2-11ee-8ba6-76ff4dd1b7a3_25625127.jpg",
      "categories": [
        "ZVÍŘATA",
        "KOČKY"
      ],
      "prices": [
        {
          "store_name": "Albert",
          "price": 38.9,
          "original_price": null,
          "unit_price": 648.33,
          "unit": "Kg",
          "package_size": "60 g",
          "condition": null
        }
      ],
      "description": null
    },
    {
      "name": "Croissant s lískooříškovou náplní",
      "brand": null,
      "product_url": "https://wolt.com/cs/cze/prague/venue/albert-vinohradska/croissant-s-liskooriskovou-naplni-itemid-64ca0b7cba162577de48853b",
      "image_url": "https://imageproxy.wolt.com/menu/menu-images/64ffec4406cca0140dfab831/0e1f940a-8ec4-11ee-a11b-6e71a63f1558_27442432.jpg",
      "categories": [
        "PEKÁRNA A CUKRÁRNA",
        "SLADKÉ PEČIVO VOLNÉ"
      ],
      "prices": [
        {
          "store_name": "Albert",
          "price": null,
          "original_price": null,
          "unit_price": 100.0,
          "unit": "Kg",
          "package_size": "85 g",
          "condition": "Sleva"
        }
      ],
      "description": null
    },
    {
      "name": "L'Oréal Paris Elseve šampon Extraordinary Oil",
      "brand": "L'Oréal",
      "product_url": "https://wolt.com/cs/cze/prague/venue/albert-vinohradska/l-oreal-paris-elseve-sampon-extraordinary-oil-itemid-64ca0b7cba162577de48a16f",
      "image_url": "https://imageproxy.wolt.com/menu/menu-images/64ffec4406cca0140dfab831/e1efecdc-8eb8-11ee-96fb-1e037cde04d4_26317571.jpg",
      "categories": [
        "DROGERIE A KOSMETIKA",
        "PÉČE O VLASY"
      ],
      "prices": [
        {
          "store_name": "Albert",
          "price": 159.0,
          "original_price": null,
          "unit_price": 397.5,
          "unit": "l",
          "package_size": "400 ml",
          "condition": null
        }
      ],
      "description": null
    },
    {
      "name": "Gustona Červená řepa kostky",
      "brand": "Gustona",
      "product_url": "https://wolt.com/cs/cze/prague/venue/albert-vinohradska/gustona-cervena-repa-kostky-itemid-64ca0b7cba162577de4888c9",
      "image_url": "https://imageproxy.wolt.com/menu/menu-images/63ad795db242366d1f818f36/71cab910-0608-11ef-ab37-4644db3ec22e_25833225.jpg",
      "categories": [
        "TRVANLIVÉ",
        "KONZERVOVANÉ POTR."
      ],
      "prices": [
        {
          "store_name": "Albert",
          "price": 32.9,
          "original_price": null,
          "unit_price": 84.36,
          "unit": "Kg",
          "package_size": "390 g",
          "condition": null
        }
      ],
      "description": null
    },
    {
      "name": "Vinofol Sauvignon Sauvignon",
      "brand": "Vinofol",
      "product_url": "https://wolt.com/cs/cze/prague/venue/albert-vinohradska/vinofol-sauvignon-sauvignon-itemid-657233256818b938df948993",
      "image_url": "https://imageproxy.wolt.com/menu/menu-images/64ffec4406cca0140dfab831/d94fb9ec-8ec0-11ee-8647-261fd742ff1a_27198919.jpg",
      "categories": [
        "NÁPOJE",
        "VÍNA"
      ],
      "prices": [
        {
          "store_name": "Albert",
          "price": 249.0,
          "original_price": null,
          "unit_price": 332.0,
          "unit": "l",
          "package_size": "750 ml, 14% alc",
          "condition": "18+, Vyprodáno"
        }
      ],
      "description": null
    },
    {
      "name": "Giana Rýže jasmínová",
      "brand": "Giana",
      "product_url": "https://wolt.com/cs/cze/prague/venue/albert-vinohradska/giana-ryze-jasminova-itemid-64ca0b7cba162577de48a21c",
      "image_url": "https://imageproxy.wolt.com/menu/menu-images/64ffec4406cca0140dfab831/09f7be9c-8ec0-11ee-a00b-461ac7d1f05d_27155233.jpg",
      "categories": [
        "TRVANLIVÉ",
        "RÝŽE A VAŘENÍ"
      ],
      "prices": [
        {
          "store_name": "Albert",
          "price": 79.9,
          "original_price": null,
          "unit_price": 39.95,
          "unit": "Kg",
          "package_size": "2 kg",
          "condition": null
        }
      ],
      "description": null
    },
    {
      "name": "Magnesia Minerální voda jemně perlivá",
      "brand": "Magnesia",
      "product_url": "https://wolt.com/cs/cze/prague/venue/albert-vinohradska/magnesia-mineralni-voda-jemne-perliva-itemid-64ca0b7cba162577de488271",
      "image_url": "https://imageproxy.wolt.com/menu/menu-images/64ffec4406cca0140dfab831/cf8504b8-8eb0-11ee-86cf-7a99d2fb2f9f_24018760.jpg",
      "categories": [
        "NÁPOJE",
        "VODY A MINERÁLKY"
      ],
      "prices": [
        {
          "store_name": "Albert",
          "price": 14.9,
          "original_price": null,
          "unit_price": 9.93,
          "unit": "l",
          "package_size": "1,5 l",
          "condition": null
        }
      ],
      "description": null
    },
    {
      "name": "Pur Balsam Aloe Vera přípravek na mytí nádobí",
      "brand": "Pur",
      "product_url": "https://wolt.com/cs/cze/prague/venue/albert-vinohradska/pur-balsam-aloe-vera-pripravek-na-myti-nadobi-itemid-64ca0b7cba162577de489dff",
      "image_url": "https://imageproxy.wolt.com/menu/menu-images/64ffec4406cca0140dfab831/6339f90e-8eb4-11ee-9f69-5a7762fb688d_25306606.jpg",
      "categories": [
        "DROGERIE A KOSMETIKA",
        "MYTÍ NÁDOBÍ"
      ],
      "prices": [
        {
          "store_name": "Albert",
          "price": 69.9,
          "original_price": null,
          "unit_price": 93.2,
          "unit": "l",
          "package_size": "750 ml",
          "condition": null
        }
      ],
      "description": null
    },
    {
      "name": "Rois Arašídy v těstíčku Wasabi",
      "brand": "Rois",
      "product_url": "https://wolt.com/cs/cze/prague/venue/albert-vinohradska/rois-arasidy-v-testicku-wasabi-itemid-657233256818b938df948462",
      "image_url": "https://imageproxy.wolt.com/menu/menu-images/64ffec4406cca0140dfab831/6045b218-8eca-11ee-99fb-02b883a3ca29_27777350.jpg",
      "categories": [
        "OVOCE A ZELENINA",
        "SUCHÉ PLODY"
      ],
      "prices": [
        {
          "store_name": "Albert",
          "price": 33.9,
          "original_price": null,
          "unit_price": 423.75,
          "unit": "Kg",
          "package_size": "80 g",
          "condition": null
        }
      ],
      "description": null
    },
    {
      "name": "Nature's Promise Bio Pesto bazalkové",
      "brand": "Nature's Promise",
      "product_url": "https://wolt.com/cs/cze/prague/venue/albert-vinohradska/nature-s-promise-bio-pesto-bazalkove-itemid-64ca0b7cba162577de48a6dc",
      "image_url": "https://imageproxy.wolt.com/menu/menu-images/64ffec4406cca0140dfab831/9536326c-8ec6-11ee-a50d-fae72eeefc2d_27615287.jpg",
      "categories": [
        "TRVANLIVÉ",
        "KEČUPY A HOŘČICE"
      ],
      "prices": [
        {
          "store_name": "Albert",
          "price": null,
          "original_price": null,
          "unit_price": 288.95,
          "unit": "Kg",
          "package_size": "190 g",
          "condition": "Sleva"
        }
      ],
      "description": null
    },
    {
      "name": "Gold Asconi Cabernet Sauvignon",
      "brand": "Gold",
      "product_url": "https://wolt.com/cs/cze/prague/venue/albert-vinohradska/gold-asconi-cabernet-sauvignon-itemid-64ca0b7cba162577de48a101",
      "image_url": "https://imageproxy.wolt.com/menu/menu-images/64ffec4406cca0140dfab831/3ce1f240-8eb7-11ee-abfd-2e13ed999a8b_25922660.jpg",
      "categories": [
        "NÁPOJE",
        "VÍNA"
      ],
      "prices": [
        {
          "store_name": "Albert",
          "price": 115.9,
          "original_price": null,
          "unit_price": 154.53,
          "unit": "l",
          "package_size": "750 ml, 12% alc",
          "condition": "18+"
        }
      ],
      "description": null
    },
    {
      "name": "Jean Claude Mas Cabernet Sauvignon",
      "brand": "Jean",
      "product_url": "https://wolt.com/cs/cze/prague/venue/albert-vinohradska/jean-claude-mas-cabernet-sauvignon-itemid-657233256818b938df9480c1",
      "image_url": "https://imageproxy.wolt.com/menu/menu-images/64ffec4406cca0140dfab831/814cca42-8eba-11ee-8b63-3a1814765055_26635682.jpg",
      "categories": [
        "NÁPOJE",
        "VÍNA"
      ],
      "prices": [
        {
          "store_name": "Albert",
          "price": null,
          "original_price": null,
          "unit_price": 178.53,
          "unit": "l",
          "package_size": "750 ml, 13,5% alc",
          "condition": "Sleva, 18+"
        }
      ],
      "description": null
    },
    {
      "name": "Olma High Protein jogurt bílý",
      "brand": "Olma",
      "product_url": "https://wolt.com/cs/cze/prague/venue/albert-vinohradska/olma-high-protein-jogurt-bily-itemid-657233256818b938df947a6b",
      "image_url": "https://imageproxy.wolt.com/menu/menu-images/63ad795db242366d1f818f36/22e526f4-2b47-11f0-a75a-9256749fd86f_27039359.jpg",
      "categories": [
        "MLÉČNÉ A CHLAZENÉ",
        "JOGURTY A DEZERTY"
      ],
      "prices": [
        {
          "store_name": "Albert",
          "price": 19.9,
          "original_price": null,
          "unit_price": 132.67,
          "unit": "Kg",
          "package_size": "150 g",
          "condition": null
        }
      ],
      "description": null
    },
    {
      "name": "Dream&Co Lesní plody",
      "brand": "Dream&Co",
      "product_url": "https://wolt.com/cs/cze/prague/venue/albert-vinohradska/dream-co-lesni-plody-itemid-6876153a0c6218e9f3e5f420",
      "image_url": "https://imageproxy.wolt.com/menu/menu-images/64b62ec5e5ab70cdc92e30f0/e99c0c42-616e-11f0-b7d1-aa3bb4f4f457_25650082.jpg",
      "categories": [
        "MRAŽENÉ POTRAVINY",
        "ZMRZLINA A NANUKY"
      ],
      "prices": [
        {
          "store_name": "Albert",
          "price": 129.9,
          "original_price": null,
          "unit_price": 144.33,
          "unit": "l",
          "package_size": "900 ml",
          "condition": null
        }
      ],
      "description": null
    },
    {
      "name": "Nature's Promise Bio Mouka pšeničná celozrnná",
      "brand": "Nature's Promise",
      "product_url": "https://wolt.com/cs/cze/prague/venue/albert-vinohradska/nature-s-promise-bio-mouka-psenicna-celozrnna-itemid-64ca0b7cba162577de489484",
      "image_url": "https://imageproxy.wolt.com/menu/menu-images/64ffec4406cca0140dfab831/07243000-8ebc-11ee-9388-2ef6707f48ec_26816432.jpg",
      "categories": [
        "TRVANLIVÉ",
        "PEČENÍ A VAŘENÍ"
      ],
      "prices": [
        {
          "store_name": "Albert",
          "price": null,
          "original_price": null,
          "unit_price": 29.9,
          "unit": "Kg",
          "package_size": "1 kg",
          "condition": "Sleva"
        }
      ],
      "description": null
    },
    {
      "name": "Nivea Men Active Clean sprchový gel",
      "brand": "Nivea",
      "product_url": "https://wolt.com/cs/cze/prague/venue/albert-vinohradska/nivea-men-active-clean-sprchovy-gel-itemid-64ca0b7cba162577de48a16b",
      "image_url": "https://imageproxy.wolt.com/menu/menu-images/64ffec4406cca0140dfab831/39879612-8ebd-11ee-8ae7-0e9fc0f27358_26928159.jpg",
      "categories": [
        "DROGERIE A KOSMETIKA",
        "MÝDLA A GELY"
      ],
      "prices": [
        {
          "store_name": "Albert",
          "price": 119.9,
          "original_price": null,
          "unit_price": 239.8,
          "unit": "l",
          "package_size": "500 ml",
          "condition": null
        }
      ],
      "description": null
    },
    {
      "name": "Pedigree Vital Protection kompletní výživa",
      "brand": "Pedigree",
      "product_url": "https://wolt.com/cs/cze/prague/venue/albert-vinohradska/pedigree-vital-protection-kompletni-vyziva-itemid-64ca0b7cba162577de489bcc",
      "image_url": "https://imageproxy.wolt.com/menu/menu-images/64ffec4406cca0140dfab831/d3887ad8-8eb3-11ee-a6ca-7a4dcb26504b_25150643.jpg",
      "categories": [
        "ZVÍŘATA",
        "PSI"
      ],
      "prices": [
        {
          "store_name": "Albert",
          "price": 189.0,
          "original_price": null,
          "unit_price": 157.5,
          "unit": "Kg",
          "package_size": "1,2 kg",
          "condition": null
        }
      ],
      "description": null
    },
    {
      "name": "Maggi Amore Mio Těstoviny šunka a sýr s omáčkou",
      "brand": "Maggi",
      "product_url": "https://wolt.com/cs/cze/prague/venue/albert-vinohradska/maggi-amore-mio-testoviny-sunka-a-syr-s-omackou-itemid-64ca0b7cba162577de489f27",
      "image_url": "https://imageproxy.wolt.com/menu/menu-images/64ffec4406cca0140dfab831/7a1e3dfc-8eae-11ee-8e26-0ac38c9dbe6d_22435507.jpg",
      "categories": [
        "TRVANLIVÉ",
        "INSTANTNÍ POKRMY"
      ],
      "prices": [
        {
          "store_name": "Albert",
          "price": 54.9,
          "original_price": null,
          "unit_price": 392.14,
          "unit": "Kg",
          "package_size": "140 g",
          "condition": null
        }
      ],
      "description": null
    },
    {
      "name": "L'Chefs Vaječné vafle",
      "brand": "L'Chefs",
      "product_url": "https://wolt.com/cs/cze/prague/venue/albert-vinohradska/l-chefs-vajecne-vafle-itemid-64ca0b7cba162577de488a95",
      "image_url": "https://imageproxy.wolt.com/menu/menu-images/64ffec4406cca0140dfab831/fc21f530-8eb5-11ee-abfd-2e13ed999a8b_25672428.jpg",
      "categories": [
        "PEKÁRNA A CUKRÁRNA",
        "SLADKÉ PEČIVO BALENÉ"
      ],
      "prices": [
        {
          "store_name": "Albert",
          "price": 41.9,
          "original_price": null,
          "unit_price": 167.6,
          "unit": "Kg",
          "package_size": "250 g",
          "condition": null
        }
      ],
      "description": null
    },
    {
      "name": "Albert Sýr horácký plátky",
      "brand": "Albert",
      "product_url": "https://wolt.com/cs/cze/prague/venue/albert-vinohradska/albert-syr-horacky-platky-itemid-64ca0b7cba162577de489b04",
      "image_url": "https://imageproxy.wolt.com/menu/menu-images/64ffec4406cca0140dfab831/02fd0b66-8ebf-11ee-84e8-cae320ae1b7e_27085677.jpg",
      "categories": [
        "MLÉČNÉ A CHLAZENÉ",
        "SÝRY"
      ],
      "prices": [
        {
          "store_name": "Albert",
          "price": 49.9,
          "original_price": null,
          "unit_price": 332.67,
          "unit": "Kg",
          "package_size": "150 g",
          "condition": null
        }
      ],
      "description": null
    },
    {
      "name": "Nature's Promise Bio Rýže Basmati",
      "brand": "Nature's Promise",
      "product_url": "https://wolt.com/cs/cze/prague/venue/albert-vinohradska/nature-s-promise-bio-ryze-basmati-itemid-64ca0b7cba162577de489198",
      "image_url": "https://imageproxy.wolt.com/menu/menu-images/63ad795db242366d1f818f36/778e3a84-3213-11ef-a62b-b68462bac080_26848877.jpg",
      "categories": [
        "TRVANLIVÉ",
        "RÝŽE A LUŠTENINY"
      ],
      "prices": [
        {
          "store_name": "Albert",
          "price": 36.9,
          "original_price": null,
          "unit_price": 73.8,
          "unit": "Kg",
          "package_size": "500 g",
          "condition": null
        }
      ],
      "description": null
    },
    {
      "name": "Indulona Original hydratační tělové mléko",
      "brand": "Indulona",
      "product_url": "https://wolt.com/cs/cze/prague/venue/albert-vinohradska/indulona-original-hydratacni-telove-mleko-itemid-64ca0b7cba162577de48a52f",
      "image_url": "https://imageproxy.wolt.com/menu/menu-images/64ffec4406cca0140dfab831/f52238c8-8ec2-11ee-8174-46b0bb5ce808_27341278.jpg",
      "categories": [
        "DROGERIE A KOSMETIKA",
        "PÉČE O PLEŤ"
      ],
      "prices": [
        {
          "store_name": "Albert",
          "price": 149.9,
          "original_price": null,
          "unit_price": 374.75,
          "unit": "l",
          "package_size": "400 ml",
          "condition": null
        }
      ],
      "description": null
    },
    {
      "name": "Persil Discs Color Kapsle na praní 4v1",
      "brand": "Persil",
      "product_url": "https://wolt.com/cs/cze/prague/venue/albert-vinohradska/persil-discs-color-kapsle-na-prani-4v1-itemid-657233256818b938df947f47",
      "image_url": "https://imageproxy.wolt.com/menu/menu-images/64ffec4406cca0140dfab831/09f80aaa-8ec0-11ee-bdb2-2ea44b0f5f93_27155264.jpg",
      "categories": [
        "DROGERIE A KOSMETIKA",
        "PRACÍ PROSTŘEDKY"
      ],
      "prices": [
        {
          "store_name": "Albert",
          "price": null,
          "original_price": null,
          "unit_price": 9.58,
          "unit": "ks",
          "package_size": "‪26‬ kusů",
          "condition": "Sleva"
        }
      ],
      "description": null
    },
    {
      "name": "Loyd Bylinno-ovocný čaj maliny a citron",
      "brand": "Loyd",
      "product_url": "https://wolt.com/cs/cze/prague/venue/albert-vinohradska/loyd-bylinno-ovocny-caj-maliny-a-citron-itemid-64ca0b7cba162577de489289",
      "image_url": "https://imageproxy.wolt.com/menu/menu-images/64ffec4406cca0140dfab831/a569a622-8ec2-11ee-b8f7-ce752cd7e428_27316030.jpg",
      "categories": [
        "NÁPOJE",
        "KÁVA A ČAJ"
      ],
      "prices": [
        {
          "store_name": "Albert",
          "price": 44.9,
          "original_price": null,
          "unit_price": 1122.5,
          "unit": "Kg",
          "package_size": "40 g",
          "condition": null
        }
      ],
      "description": null
    },
    {
      "name": "Kotányi Pepř čtyř barev celý",
      "brand": "Kotányi",
      "product_url": "https://wolt.com/cs/cze/prague/venue/albert-vinohradska/kotanyi-pepr-ctyr-barev-cely-itemid-657233256818b938df947f0b",
      "image_url": "https://imageproxy.wolt.com/menu/menu-images/64ffec4406cca0140dfab831/f4d4d734-8eb0-11ee-88d5-2e13ed999a8b_24151887.jpg",
      "categories": [
        "TRVANLIVÉ",
        "KOŘENÍ A OCHUCOVADLA"
      ],
      "prices": [
        {
          "store_name": "Albert",
          "price": null,
          "original_price": null,
          "unit_price": 1493.75,
          "unit": "Kg",
          "package_size": "16 g",
          "condition": "Sleva"
        }
      ],
      "description": null
    },
    {
      "name": "ManaDrink Mark 8 s příchutí čokolády",
      "brand": "ManaDrink",
      "product_url": "https://wolt.com/cs/cze/prague/venue/albert-vinohradska/manadrink-mark-8-s-prichuti-cokolady-itemid-657233256818b938df948abd",
      "image_url": "https://imageproxy.wolt.com/menu/menu-images/64ffec4406cca0140dfab831/6fd83eda-8eca-11ee-8314-fa8414d4bbe8_27778319.jpg",
      "categories": [
        "TRVANLIVÉ",
        "SPECIÁLNÍ"
      ],
      "prices": [
        {
          "store_name": "Albert",
          "price": null,
          "original_price": null,
          "unit_price": 199.75,
          "unit": "l",
          "package_size": "400 ml",
          "condition": "Sleva"
        }
      ],
      "description": null
    },
    {
      "name": "Kotányi mlýnek Mořská sůl s jódem",
      "brand": "Kotányi",
      "product_url": "https://wolt.com/cs/cze/prague/venue/albert-vinohradska/kotanyi-mlynek-morska-sul-s-jodem-itemid-64ca0b7cba162577de489f45",
      "image_url": "https://imageproxy.wolt.com/menu/menu-images/64ffec4406cca0140dfab831/64017e98-8eaf-11ee-9d22-6acfb8ed3f7f_23298712.jpg",
      "categories": [
        "TRVANLIVÉ",
        "KOŘENÍ A OCHUCOVADLA"
      ],
      "prices": [
        {
          "store_name": "Albert",
          "price": null,
          "original_price": null,
          "unit_price": 651.09,
          "unit": "Kg",
          "package_size": "92 g",
          "condition": "Sleva"
        }
      ],
      "description": null
    },
    {
      "name": "Ölz Mléčné houstičky s margarínem",
      "brand": "Ölz",
      "product_url": "https://wolt.com/cs/cze/prague/venue/albert-vinohradska/olz-mlecne-housticky-s-margarinem-itemid-657233256818b938df948c58",
      "image_url": "https://imageproxy.wolt.com/menu/menu-images/64ffec4406cca0140dfab831/fac543ee-8ec0-11ee-9036-2254ad732fe4_27206997.jpg",
      "categories": [
        "PEKÁRNA A CUKRÁRNA",
        "SLADKÉ PEČIVO BALENÉ"
      ],
      "prices": [
        {
          "store_name": "Albert",
          "price": 64.9,
          "original_price": null,
          "unit_price": 185.43,
          "unit": "Kg",
          "package_size": "350 g",
          "condition": null
        }
      ],
      "description": null
    },
    {
      "name": "Česká chuť Eidam 30% bloček",
      "brand": "Česká chuť",
      "product_url": "https://wolt.com/cs/cze/prague/venue/albert-vinohradska/ceska-chut-eidam-30-blocek-itemid-64ca0b7cba162577de4884ab",
      "image_url": "https://imageproxy.wolt.com/menu/menu-images/64ffec4406cca0140dfab831/872afb36-8ebb-11ee-b1d9-6e81ffaa4982_26777573.jpg",
      "categories": [
        "MLÉČNÉ A CHLAZENÉ",
        "SÝRY"
      ],
      "prices": [
        {
          "store_name": "Albert",
          "price": 49.9,
          "original_price": null,
          "unit_price": 249.5,
          "unit": "Kg",
          "package_size": "200 g",
          "condition": null
        }
      ],
      "description": null
    },
    {
      "name": "Bacchini Kuskus medium",
      "brand": "Bacchini",
      "product_url": "https://wolt.com/cs/cze/prague/venue/albert-vinohradska/bacchini-kuskus-medium-itemid-64ca0b7cba162577de489c01",
      "image_url": "https://imageproxy.wolt.com/menu/menu-images/64ffec4406cca0140dfab831/a48fe9f4-8eaf-11ee-8aaa-3a6355b6d69b_23429864.jpg",
      "categories": [
        "TRVANLIVÉ",
        "RÝŽE A VAŘENÍ"
      ],
      "prices": [
        {
          "store_name": "Albert",
          "price": 64.9,
          "original_price": null,
          "unit_price": 129.8,
          "unit": "Kg",
          "package_size": "500 g",
          "condition": null
        }
      ],
      "description": null
    },
    {
      "name": "Perla Černý čaj s citronovou příchutí",
      "brand": "Perla",
      "product_url": "https://wolt.com/cs/cze/prague/venue/albert-vinohradska/perla-cerny-caj-s-citronovou-prichuti-itemid-651c87860a92646a996ddef1",
      "image_url": "https://imageproxy.wolt.com/menu/menu-images/64ffec4406cca0140dfab831/d93644bc-8eca-11ee-94c5-768b824ebd6b_27791127.jpg",
      "categories": [
        "NÁPOJE",
        "KÁVA A ČAJ"
      ],
      "prices": [
        {
          "store_name": "Albert",
          "price": 29.9,
          "original_price": null,
          "unit_price": 996.67,
          "unit": "Kg",
          "package_size": "30 g",
          "condition": null
        }
      ],
      "description": null
    },
    {
      "name": "Wrigleys Orbit Spearmint",
      "brand": "Wrigleys",
      "product_url": "https://wolt.com/cs/cze/prague/venue/albert-vinohradska/wrigleys-orbit-spearmint-itemid-64ca0b7cba162577de489470",
      "image_url": "https://imageproxy.wolt.com/menu/menu-images/63ad795db242366d1f818f36/a9d4dee6-f8ef-11ef-bfa6-b26600a6fa29_20488895.jpg",
      "categories": [
        "TRVANLIVÉ",
        "SLADKOSTI"
      ],
      "prices": [
        {
          "store_name": "Albert",
          "price": null,
          "original_price": null,
          "unit_price": 1350.0,
          "unit": "Kg",
          "package_size": "14 g",
          "condition": "Sleva"
        }
      ],
      "description": null
    },
    {
      "name": "Albert Piškoty",
      "brand": "Albert",
      "product_url": "https://wolt.com/cs/cze/prague/venue/albert-vinohradska/albert-piskoty-itemid-64ca0b7cba162577de48830b",
      "image_url": "https://imageproxy.wolt.com/menu/menu-images/64ffec4406cca0140dfab831/700abac4-8eaf-11ee-9492-76e61dd676ec_23320659.jpg",
      "categories": [
        "TRVANLIVÉ",
        "SLADKOSTI"
      ],
      "prices": [
        {
          "store_name": "Albert",
          "price": 16.9,
          "original_price": null,
          "unit_price": 140.83,
          "unit": "Kg",
          "package_size": "120 g",
          "condition": null
        }
      ],
      "description": null
    },
    {
      "name": "Garden Gourmet Vegan karbanátky",
      "brand": "Garden Gourmet",
      "product_url": "https://wolt.com/cs/cze/prague/venue/albert-vinohradska/garden-gourmet-vegan-karbanatky-itemid-657233256818b938df948ae8",
      "image_url": "https://imageproxy.wolt.com/menu/menu-images/64ffec4406cca0140dfab831/8ff042a4-8ec9-11ee-99fb-02b883a3ca29_27749944.jpg",
      "categories": [
        "UZENINY A LAHŮDKY",
        "HOTOVKY A PŘÍLOHY"
      ],
      "prices": [
        {
          "store_name": "Albert",
          "price": 69.9,
          "original_price": null,
          "unit_price": 349.5,
          "unit": "Kg",
          "package_size": "200 g",
          "condition": null
        }
      ],
      "description": null
    },
    {
      "name": "Albert Svíčková s houskovým knedlíkem",
      "brand": "Albert",
      "product_url": "https://wolt.com/cs/cze/prague/venue/albert-vinohradska/albert-svickova-s-houskovym-knedlikem-itemid-681b5abffcbd67bf7a8f4a69",
      "image_url": "https://imageproxy.wolt.com/menu/menu-images/63ad795db242366d1f818f36/b827c5f0-2b47-11f0-9baf-be47bb4dacd4_27963852.jpg",
      "categories": [
        "UZENINY A LAHŮDKY",
        "HOTOVKY A PŘÍLOHY"
      ],
      "prices": [
        {
          "store_name": "Albert",
          "price": 99.9,
          "original_price": null,
          "unit_price": 249.75,
          "unit": "Kg",
          "package_size": "400 g",
          "condition": null
        }
      ],
      "description": null
    },
    {
      "name": "Purina One Junior Kapsičky losos s mrkví",
      "brand": "Purina",
      "product_url": "https://wolt.com/cs/cze/prague/venue/albert-vinohradska/purina-one-junior-kapsicky-losos-s-mrkvi-itemid-6601e36eeb2d782775e343fe",
      "image_url": "https://imageproxy.wolt.com/menu/menu-images/6601c613e48d1c8d95333085/29ee8d9a-eae4-11ee-b79f-767946bf8e19_27435168.jpg",
      "categories": [
        "ZVÍŘATA",
        "KOČKY"
      ],
      "prices": [
        {
          "store_name": "Albert",
          "price": 76.9,
          "original_price": null,
          "unit_price": 226.18,
          "unit": "Kg",
          "package_size": "340 g",
          "condition": null
        }
      ],
      "description": null
    },
    {
      "name": "Opavia BeBe Dobré ráno Naměkko brusinka a ovoce",
      "brand": "Opavia",
      "product_url": "https://wolt.com/cs/cze/prague/venue/albert-vinohradska/opavia-bebe-dobre-rano-namekko-brusinka-a-ovoce-itemid-64ca0b7cba162577de489593",
      "image_url": "https://imageproxy.wolt.com/menu/menu-images/64ffec4406cca0140dfab831/d8cfbc4e-8eb9-11ee-861f-c64f1deb8de2_26517070.jpg",
      "categories": [
        "TRVANLIVÉ",
        "SLADKOSTI"
      ],
      "prices": [
        {
          "store_name": "Albert",
          "price": 16.9,
          "original_price": null,
          "unit_price": 338.0,
          "unit": "Kg",
          "package_size": "50 g",
          "condition": null
        }
      ],
      "description": null
    },
    {
      "name": "Magnesia Perlivá minerální voda",
      "brand": "Magnesia",
      "product_url": "https://wolt.com/cs/cze/prague/venue/albert-vinohradska/magnesia-perliva-mineralni-voda-itemid-64ca0b7cba162577de4882a1",
      "image_url": "https://imageproxy.wolt.com/menu/menu-images/64ffec4406cca0140dfab831/08a4b32c-8eae-11ee-af75-4e1b0e3e674e_21634772.jpg",
      "categories": [
        "NÁPOJE",
        "VODY A MINERÁLKY"
      ],
      "prices": [
        {
          "store_name": "Albert",
          "price": 14.9,
          "original_price": null,
          "unit_price": 9.93,
          "unit": "l",
          "package_size": "1,5 l",
          "condition": null
        }
      ],
      "description": null
    },
    {
      "name": "Linteo Papírové kapesníky 3vrstvé",
      "brand": "Linteo",
      "product_url": "https://wolt.com/cs/cze/prague/venue/albert-vinohradska/linteo-papirove-kapesniky-3vrstve-itemid-6601e43ef1df377369a7926c",
      "image_url": "https://imageproxy.wolt.com/menu/menu-images/6601c613e48d1c8d95333085/69050092-eae2-11ee-8bd4-daa57e6835e8_23934856.jpg",
      "categories": [
        "DROGERIE A KOSMETIKA",
        "PAPÍROVÁ HYGIENA"
      ],
      "prices": [
        {
          "store_name": "Albert",
          "price": 35.9,
          "original_price": null,
          "unit_price": 3.59,
          "unit": "ks",
          "package_size": "‪10‬ kusů",
          "condition": null
        }
      ],
      "description": null
    },
    {
      "name": "Albert Sýr koliba 43% plátky",
      "brand": "Albert",
      "product_url": "https://wolt.com/cs/cze/prague/venue/albert-vinohradska/albert-syr-koliba-43-platky-itemid-64ca0b7cba162577de4884ef",
      "image_url": "https://imageproxy.wolt.com/menu/menu-images/64ffec4406cca0140dfab831/fd29e906-8ebf-11ee-a193-4a6028ff4aea_27151198.jpg",
      "categories": [
        "MLÉČNÉ A CHLAZENÉ",
        "SÝRY"
      ],
      "prices": [
        {
          "store_name": "Albert",
          "price": 58.9,
          "original_price": null,
          "unit_price": 392.67,
          "unit": "Kg",
          "package_size": "150 g",
          "condition": null
        }
      ],
      "description": null
    },
    {
      "name": "Emma Lísková jádra",
      "brand": "Emma",
      "product_url": "https://wolt.com/cs/cze/prague/venue/albert-vinohradska/emma-liskova-jadra-itemid-64ca0b7cba162577de489b52",
      "image_url": "https://imageproxy.wolt.com/menu/menu-images/63ad795db242366d1f818f36/de6a3472-d995-11ef-a45f-aeb721cf699d_23726093.jpg",
      "categories": [
        "OVOCE A ZELENINA",
        "SUCHÉ PLODY"
      ],
      "prices": [
        {
          "store_name": "Albert",
          "price": 179.0,
          "original_price": null,
          "unit_price": 358.0,
          "unit": "Kg",
          "package_size": "500 g",
          "condition": null
        }
      ],
      "description": null
    },
    {
      "name": "Mlékárna Kunín Mléčná krupice čokoláda",
      "brand": "Mlékárna Kunín",
      "product_url": "https://wolt.com/cs/cze/prague/venue/albert-vinohradska/mlekarna-kunin-mlecna-krupice-cokolada-itemid-657233256818b938df947879",
      "image_url": "https://imageproxy.wolt.com/menu/menu-images/63ad795db242366d1f818f36/41bd0ad8-e818-11ee-85ea-667dc6126f46_22067722.jpg",
      "categories": [
        "MLÉČNÉ A CHLAZENÉ",
        "JOGURTY A DEZERTY"
      ],
      "prices": [
        {
          "store_name": "Albert",
          "price": 25.9,
          "original_price": null,
          "unit_price": 172.67,
          "unit": "Kg",
          "package_size": "150 g",
          "condition": null
        }
      ],
      "description": null
    },
    {
      "name": "KK Pražené arašídy solené",
      "brand": "KK",
      "product_url": "https://wolt.com/cs/cze/prague/venue/albert-vinohradska/kk-prazene-arasidy-solene-itemid-64ca0b7cba162577de489bb0",
      "image_url": "https://imageproxy.wolt.com/menu/menu-images/64ffec4406cca0140dfab831/60075040-8eac-11ee-b500-361f92ce8d2c_20303297.jpg",
      "categories": [
        "TRVANLIVÉ",
        "SLANÉ"
      ],
      "prices": [
        {
          "store_name": "Albert",
          "price": 48.6,
          "original_price": null,
          "unit_price": 324.0,
          "unit": "Kg",
          "package_size": "150 g",
          "condition": null
        }
      ],
      "description": null
    },
    {
      "name": "Albert 100% čerstvá šťáva jablko",
      "brand": "Albert",
      "product_url": "https://wolt.com/cs/cze/prague/venue/albert-vinohradska/albert-100-cerstva-stava-jablko-itemid-64ca0b7cba162577de488a6f",
      "image_url": "https://imageproxy.wolt.com/menu/menu-images/64ffec4406cca0140dfab831/cd4ca132-8ec0-11ee-a4cd-5e8c96b8dcdd_27198148.jpg",
      "categories": [
        "NÁPOJE",
        "DŽUSY A NEKTARY"
      ],
      "prices": [
        {
          "store_name": "Albert",
          "price": 119.9,
          "original_price": null,
          "unit_price": 59.95,
          "unit": "l",
          "package_size": "2 l",
          "condition": null
        }
      ],
      "description": null
    },
    {
      "name": "Albert Excellent Queensland steak",
      "brand": "Albert Excellent",
      "product_url": "https://wolt.com/cs/cze/prague/venue/albert-vinohradska/albert-excellent-queensland-steak-itemid-64ca0b7cba162577de4899c1",
      "image_url": "https://imageproxy.wolt.com/menu/menu-images/64ffec4406cca0140dfab831/497ddc7e-8ec8-11ee-bd14-52a4ddf1765f_27712375.jpg",
      "categories": [
        "MASO A RYBY",
        "HOVĚZÍ A TELECÍ"
      ],
      "prices": [
        {
          "store_name": "Albert",
          "price": 219.0,
          "original_price": null,
          "unit_price": 730.0,
          "unit": "Kg",
          "package_size": "300 g",
          "condition": null
        }
      ],
      "description": null
    },
    {
      "name": "Brit Krmivo pro kočky Sterilizovaný losos",
      "brand": "Brit",
      "product_url": "https://wolt.com/cs/cze/prague/venue/albert-vinohradska/brit-krmivo-pro-kocky-sterilizovany-losos-itemid-660213ff7a956136425f380c",
      "image_url": "https://imageproxy.wolt.com/menu/menu-images/6601c613e48d1c8d95333085/bb808ba0-eae4-11ee-adc3-66a4d0af098d_27657713.jpg",
      "categories": [
        "ZVÍŘATA",
        "KOČKY"
      ],
      "prices": [
        {
          "store_name": "Albert",
          "price": 144.9,
          "original_price": null,
          "unit_price": 181.13,
          "unit": "Kg",
          "package_size": "800 g",
          "condition": null
        }
      ],
      "description": null
    },
    {
      "name": "Albert Křupky arašídové",
      "brand": "Albert",
      "product_url": "https://wolt.com/cs/cze/prague/venue/albert-vinohradska/albert-krupky-arasidove-itemid-64ca0b7cba162577de488483",
      "image_url": "https://imageproxy.wolt.com/menu/menu-images/64ffec4406cca0140dfab831/6e184d5a-8eb2-11ee-a630-1e037cde04d4_24742801.jpg",
      "categories": [
        "TRVANLIVÉ",
        "SLANÉ"
      ],
      "prices": [
        {
          "store_name": "Albert",
          "price": 13.9,
          "original_price": null,
          "unit_price": 139.0,
          "unit": "Kg",
          "package_size": "100 g",
          "condition": null
        }
      ],
      "description": null
    },
    {
      "name": "Elseve Hyaluron Vlasový šampon",
      "brand": "Elseve",
      "product_url": "https://wolt.com/cs/cze/prague/venue/albert-vinohradska/elseve-hyaluron-vlasovy-sampon-itemid-6601ee3e9d152df703be92dd",
      "image_url": "https://imageproxy.wolt.com/menu/menu-images/6601c613e48d1c8d95333085/6957e58a-eae4-11ee-b160-26602bd55ff2_27574355.jpg",
      "categories": [
        "DROGERIE A KOSMETIKA",
        "PÉČE O VLASY"
      ],
      "prices": [
        {
          "store_name": "Albert",
          "price": 159.0,
          "original_price": null,
          "unit_price": 397.5,
          "unit": "l",
          "package_size": "400 ml",
          "condition": null
        }
      ],
      "description": null
    },
    {
      "name": "Always Platinum Super vložky s křidélky",
      "brand": "Always",
      "product_url": "https://wolt.com/cs/cze/prague/venue/albert-vinohradska/always-platinum-super-vlozky-skridelky-itemid-64ca0b7cba162577de48a2f8",
      "image_url": "https://imageproxy.wolt.com/menu/menu-images/63ad795db242366d1f818f36/3c280848-bbe4-11ef-87b9-a67074120a55_27113165.jpg",
      "categories": [
        "DROGERIE A KOSMETIKA",
        "DÁMSKÉ HYG. POTŘEBY"
      ],
      "prices": [
        {
          "store_name": "Albert",
          "price": 119.9,
          "original_price": null,
          "unit_price": 8.56,
          "unit": "ks",
          "package_size": "‪14‬ kusů",
          "condition": null
        }
      ],
      "description": null
    },
    {
      "name": "Tchibo Espresso Sicilia zrnková káva",
      "brand": "Tchibo",
      "product_url": "https://wolt.com/cs/cze/prague/venue/albert-vinohradska/tchibo-espresso-sicilia-zrnkova-kava-itemid-64ca0b7cba162577de489a5e",
      "image_url": "https://imageproxy.wolt.com/menu/menu-images/64ffec4406cca0140dfab831/c07e2120-8ebf-11ee-ad90-362f93bf1d5e_27132043.jpg",
      "categories": [
        "NÁPOJE",
        "KÁVA A ČAJ"
      ],
      "prices": [
        {
          "store_name": "Albert",
          "price": 699.0,
          "original_price": null,
          "unit_price": 699.0,
          "unit": "Kg",
          "package_size": "1 kg",
          "condition": null
        }
      ],
      "description": null
    },
    {
      "name": "Rio Mare Tuňák v olivovém oleji",
      "brand": "Rio Mare",
      "product_url": "https://wolt.com/cs/cze/prague/venue/albert-vinohradska/rio-mare-tunak-v-olivovem-oleji-itemid-64ca0b7cba162577de489087",
      "image_url": "https://imageproxy.wolt.com/menu/menu-images/64ffec4406cca0140dfab831/ce620724-8eac-11ee-b216-2e6db99b5925_20325800.jpg",
      "categories": [
        "TRVANLIVÉ",
        "KONZERVOVANÉ POTR."
      ],
      "prices": [
        {
          "store_name": "Albert",
          "price": 99.9,
          "original_price": null,
          "unit_price": 960.58,
          "unit": "Kg",
          "package_size": "104 g",
          "condition": null
        }
      ],
      "description": null
    },
    {
      "name": "Maxi Vita Hořčík + B6",
      "brand": "Maxi",
      "product_url": "https://wolt.com/cs/cze/prague/venue/albert-vinohradska/maxi-vita-horcik-b6-itemid-6601f9882a2d57743db57d29",
      "image_url": "https://imageproxy.wolt.com/menu/menu-images/6601c613e48d1c8d95333085/9fafdf2c-eae2-11ee-b79f-767946bf8e19_25045949.jpg",
      "categories": [
        "DROGERIE A KOSMETIKA",
        "ZDRAVÍ"
      ],
      "prices": [
        {
          "store_name": "Albert",
          "price": null,
          "original_price": null,
          "unit_price": 1996.0,
          "unit": "Kg",
          "package_size": "25 g",
          "condition": "Sleva"
        }
      ],
      "description": null
    },
    {
      "name": "Nescafé Dolce Gusto Cortado kapsle",
      "brand": "Nescafé",
      "product_url": "https://wolt.com/cs/cze/prague/venue/albert-vinohradska/nescafe-dolce-gusto-cortado-kapsle-itemid-64ca0b7cba162577de48977e",
      "image_url": "https://imageproxy.wolt.com/menu/menu-images/64ffec4406cca0140dfab831/1cd97d68-8eb4-11ee-9114-76d18bdc0849_25240627.jpg",
      "categories": [
        "NÁPOJE",
        "KÁVA A ČAJ"
      ],
      "prices": [
        {
          "store_name": "Albert",
          "price": 149.9,
          "original_price": null,
          "unit_price": 9.37,
          "unit": "ks",
          "package_size": "‪16‬ kusů",
          "condition": null
        }
      ],
      "description": null
    },
    {
      "name": "Albert Sýr farmářský uzený plátky",
      "brand": "Albert",
      "product_url": "https://wolt.com/cs/cze/prague/venue/albert-vinohradska/albert-syr-farmarsky-uzeny-platky-itemid-64ca0b7cba162577de489af4",
      "image_url": "https://imageproxy.wolt.com/menu/menu-images/64ffec4406cca0140dfab831/03535804-8ebf-11ee-a0c1-fe8631c3d5e9_27085660.jpg",
      "categories": [
        "MLÉČNÉ A CHLAZENÉ",
        "SÝRY"
      ],
      "prices": [
        {
          "store_name": "Albert",
          "price": 49.9,
          "original_price": null,
          "unit_price": 332.67,
          "unit": "Kg",
          "package_size": "150 g",
          "condition": null
        }
      ],
      "description": null
    },
    {
      "name": "Perfect Fit Sensitive Granule pro kočky krůtí",
      "brand": "Perfect Fit",
      "product_url": "https://wolt.com/cs/cze/prague/venue/albert-vinohradska/perfect-fit-sensitive-granule-pro-kocky-kruti-itemid-64ca0b7cba162577de48a03d",
      "image_url": "https://imageproxy.wolt.com/menu/menu-images/64ffec4406cca0140dfab831/70d863dc-8ebb-11ee-87be-024004d5d6b2_26772370.jpg",
      "categories": [
        "ZVÍŘATA",
        "KOČKY"
      ],
      "prices": [
        {
          "store_name": "Albert",
          "price": 99.9,
          "original_price": null,
          "unit_price": 133.2,
          "unit": "Kg",
          "package_size": "750 g",
          "condition": null
        }
      ],
      "description": null
    },
    {
      "name": "Tatranky máčené oplatky s mléčnou náplní",
      "brand": "Tatra",
      "product_url": "https://wolt.com/cs/cze/prague/venue/albert-vinohradska/tatranky-macene-oplatky-s-mlecnou-naplni-itemid-64ca0b7cba162577de489505",
      "image_url": "https://imageproxy.wolt.com/menu/menu-images/64ffec4406cca0140dfab831/e604a8c2-8eb2-11ee-87f5-4ac825cfc539_24902755.jpg",
      "categories": [
        "TRVANLIVÉ",
        "SLADKOSTI"
      ],
      "prices": [
        {
          "store_name": "Albert",
          "price": 11.9,
          "original_price": null,
          "unit_price": 360.61,
          "unit": "Kg",
          "package_size": "33 g",
          "condition": null
        }
      ],
      "description": null
    },
    {
      "name": "Product Bohemia Med včelí květový",
      "brand": "Product",
      "product_url": "https://wolt.com/cs/cze/prague/venue/albert-vinohradska/product-bohemia-med-vceli-kvetovy-itemid-660218dbea57e19898bfe5df",
      "image_url": "https://imageproxy.wolt.com/menu/menu-images/6601c613e48d1c8d95333085/8186ea5e-eae2-11ee-b99a-aae3aea8b537_24657600.jpg",
      "categories": [
        "TRVANLIVÉ",
        "MEDY A SL. POMAZÁNKY"
      ],
      "prices": [
        {
          "store_name": "Albert",
          "price": 199.0,
          "original_price": null,
          "unit_price": 306.15,
          "unit": "Kg",
          "package_size": "650 g",
          "condition": null
        }
      ],
      "description": null
    },
    {
      "name": "Albert Utěrky houbové silně savé",
      "brand": "Albert",
      "product_url": "https://wolt.com/cs/cze/prague/venue/albert-vinohradska/albert-uterky-houbove-silne-save-itemid-64ca0b7cba162577de488d23",
      "image_url": "https://imageproxy.wolt.com/menu/menu-images/64ffec4406cca0140dfab831/7fc33d28-8ebf-11ee-ab89-62c80973176d_27122389.jpg",
      "categories": [
        "DOMÁCNOST A ZAHRADA",
        "ÚKLIDOVÉ POTŘEBY"
      ],
      "prices": [
        {
          "store_name": "Albert",
          "price": 21.9,
          "original_price": null,
          "unit_price": 7.3,
          "unit": "ks",
          "package_size": "‪3‬ kusů",
          "condition": null
        }
      ],
      "description": null
    },
    {
      "name": "Albert Perníčky plněné v čokoládě",
      "brand": "Albert",
      "product_url": "https://wolt.com/cs/cze/prague/venue/albert-vinohradska/albert-pernicky-plnene-v-cokolade-itemid-64ca0b7cba162577de4892f5",
      "image_url": "https://imageproxy.wolt.com/menu/menu-images/64ffec4406cca0140dfab831/d234d428-8eb9-11ee-9140-1e9e4c6f0bda_26501680.jpg",
      "categories": [
        "TRVANLIVÉ",
        "SLADKOSTI"
      ],
      "prices": [
        {
          "store_name": "Albert",
          "price": 25.9,
          "original_price": null,
          "unit_price": 129.5,
          "unit": "Kg",
          "package_size": "200 g",
          "condition": null
        }
      ],
      "description": null
    },
    {
      "name": "Ludwig Family Tramín červený",
      "brand": "Ludwig",
      "product_url": "https://wolt.com/cs/cze/prague/venue/albert-vinohradska/ludwig-family-tramin-cerveny-itemid-657233256818b938df948a05",
      "image_url": "https://imageproxy.wolt.com/menu/menu-images/64ffec4406cca0140dfab831/89bdc882-8ec6-11ee-8a8a-1601976705be_27611661.jpg",
      "categories": [
        "NÁPOJE",
        "VÍNA"
      ],
      "prices": [
        {
          "store_name": "Albert",
          "price": 149.9,
          "original_price": null,
          "unit_price": 199.87,
          "unit": "l",
          "package_size": "750 ml, 11,5% alc",
          "condition": "18+"
        }
      ],
      "description": null
    },
    {
      "name": "Emco Protein Mysli křupavé s čokoládou",
      "brand": "Emco",
      "product_url": "https://wolt.com/cs/cze/prague/venue/albert-vinohradska/emco-protein-mysli-krupave-s-cokoladou-itemid-64ca0b7cba162577de489120",
      "image_url": "https://imageproxy.wolt.com/menu/menu-images/63ad795db242366d1f818f36/9e521934-be3e-11f0-b2b2-42d1f7954c56_27085929.jpg",
      "categories": [
        "TRVANLIVÉ",
        "MÜSLI A CEREÁLIE"
      ],
      "prices": [
        {
          "store_name": "Albert",
          "price": 125.9,
          "original_price": null,
          "unit_price": 251.8,
          "unit": "Kg",
          "package_size": "500 g",
          "condition": null
        }
      ],
      "description": null
    },
    {
      "name": "Rice Up Rýžové chips se smetanou a cibulí",
      "brand": "Rice Up",
      "product_url": "https://wolt.com/cs/cze/prague/venue/albert-vinohradska/rice-up-ryzove-chips-se-smetanou-a-cibuli-itemid-64ca0b7cba162577de48891d",
      "image_url": "https://imageproxy.wolt.com/menu/menu-images/64ffec4406cca0140dfab831/482a930a-8ec1-11ee-9b08-52a1105d3d68_27232224.jpg",
      "categories": [
        "TRVANLIVÉ",
        "SLANÉ"
      ],
      "prices": [
        {
          "store_name": "Albert",
          "price": 29.9,
          "original_price": null,
          "unit_price": 498.33,
          "unit": "Kg",
          "package_size": "60 g",
          "condition": null
        }
      ],
      "description": null
    },
    {
      "name": "Figaro Tatiana bonboniéra mléčná čokoláda",
      "brand": "Figaro",
      "product_url": "https://wolt.com/cs/cze/prague/venue/albert-vinohradska/figaro-tatiana-bonboniera-mlecna-cokolada-itemid-64ca0b7cba162577de489c0e",
      "image_url": "https://imageproxy.wolt.com/menu/menu-images/63ad795db242366d1f818f36/7a6e361c-d995-11ef-b559-1a8d5e2c0282_25339659.jpg",
      "categories": [
        "TRVANLIVÉ",
        "SLADKOSTI"
      ],
      "prices": [
        {
          "store_name": "Albert",
          "price": 159.9,
          "original_price": null,
          "unit_price": 929.65,
          "unit": "Kg",
          "package_size": "172 g",
          "condition": null
        }
      ],
      "description": null
    },
    {
      "name": "Dr. Oetker Puding čokoládový",
      "brand": "Dr. Oetker",
      "product_url": "https://wolt.com/cs/cze/prague/venue/albert-vinohradska/dr-oetker-puding-cokoladovy-itemid-64ca0b7cba162577de48952a",
      "image_url": "https://imageproxy.wolt.com/menu/menu-images/63ad795db242366d1f818f36/e5c1522c-a8e9-11f0-b1d5-02dc064d2804_20304225.jpg",
      "categories": [
        "TRVANLIVÉ",
        "PEČENÍ A VAŘENÍ"
      ],
      "prices": [
        {
          "store_name": "Albert",
          "price": 11.9,
          "original_price": null,
          "unit_price": 258.7,
          "unit": "Kg",
          "package_size": "46 g",
          "condition": null
        }
      ],
      "description": null
    },
    {
      "name": "Albert Čerstvá šťáva pomeranč bez dužiny",
      "brand": "Albert",
      "product_url": "https://wolt.com/cs/cze/prague/venue/albert-vinohradska/albert-cerstva-stava-pomeranc-bez-duziny-itemid-64ca0b7cba162577de4888c5",
      "image_url": "https://imageproxy.wolt.com/menu/menu-images/64ffec4406cca0140dfab831/c469a790-8ec0-11ee-a7da-723b124ceb50_27195086.jpg",
      "categories": [
        "NÁPOJE",
        "DŽUSY A NEKTARY"
      ],
      "prices": [
        {
          "store_name": "Albert",
          "price": 84.9,
          "original_price": null,
          "unit_price": 113.2,
          "unit": "l",
          "package_size": "750 ml",
          "condition": null
        }
      ],
      "description": null
    },
    {
      "name": "Ady Ajvar jemný",
      "brand": "Ady",
      "product_url": "https://wolt.com/cs/cze/prague/venue/albert-vinohradska/ady-ajvar-jemny-itemid-64ca0b7cba162577de48a2ff",
      "image_url": "https://imageproxy.wolt.com/menu/menu-images/63ad795db242366d1f818f36/31776584-7826-11f0-8111-d647f80df4e8_26196336.jpg",
      "categories": [
        "TRVANLIVÉ",
        "KONZERVOVANÉ POTR."
      ],
      "prices": [
        {
          "store_name": "Albert",
          "price": 59.9,
          "original_price": null,
          "unit_price": 176.18,
          "unit": "Kg",
          "package_size": "340 g",
          "condition": null
        }
      ],
      "description": null
    },
    {
      "name": "Lavazza Caffe Crema Dolce zrnková káva",
      "brand": "Lavazza",
      "product_url": "https://wolt.com/cs/cze/prague/venue/albert-vinohradska/lavazza-caffe-crema-dolce-zrnkova-kava-itemid-64ca0b7cba162577de4888d1",
      "image_url": "https://imageproxy.wolt.com/menu/menu-images/64ffec4406cca0140dfab831/f6f84a04-8ec5-11ee-abf7-3a9a41c1cb36_27591932.jpg",
      "categories": [
        "NÁPOJE",
        "KÁVA A ČAJ"
      ],
      "prices": [
        {
          "store_name": "Albert",
          "price": 799.0,
          "original_price": null,
          "unit_price": 799.0,
          "unit": "Kg",
          "package_size": "1 kg",
          "condition": null
        }
      ],
      "description": null
    },
    {
      "name": "Šalotka kulatá",
      "brand": "Šalotka",
      "product_url": "https://wolt.com/cs/cze/prague/venue/albert-vinohradska/salotka-kulata-itemid-64ca0b7cba162577de4886df",
      "image_url": "https://imageproxy.wolt.com/menu/menu-images/64ffec4406cca0140dfab831/c4189624-8ead-11ee-8c20-2e6db99b5925_21222078.jpg",
      "categories": [
        "OVOCE A ZELENINA",
        "ZELENINA"
      ],
      "prices": [
        {
          "store_name": "Albert",
          "price": 34.9,
          "original_price": null,
          "unit_price": 139.6,
          "unit": "Kg",
          "package_size": "250 g",
          "condition": null
        }
      ],
      "description": null
    },
    {
      "name": "Česká chuť Knedlík moravský",
      "brand": "Česká chuť",
      "product_url": "https://wolt.com/cs/cze/prague/venue/albert-vinohradska/ceska-chut-knedlik-moravsky-itemid-64ca0b7cba162577de489513",
      "image_url": "https://imageproxy.wolt.com/menu/menu-images/64ffec4406cca0140dfab831/dcceb88e-8eac-11ee-a8f8-66832535a71f_20391713.jpg",
      "categories": [
        "UZENINY A LAHŮDKY",
        "HOTOVKY A PŘÍLOHY"
      ],
      "prices": [
        {
          "store_name": "Albert",
          "price": 27.9,
          "original_price": null,
          "unit_price": 46.5,
          "unit": "Kg",
          "package_size": "600 g",
          "condition": null
        }
      ],
      "description": null
    },
    {
      "name": "Cassonade Cukr třtinový kostkový",
      "brand": "Cassonade",
      "product_url": "https://wolt.com/cs/cze/prague/venue/albert-vinohradska/cassonade-cukr-trtinovy-kostkovy-itemid-64ca0b7cba162577de489516",
      "image_url": "https://imageproxy.wolt.com/menu/menu-images/63ad795db242366d1f818f36/398c6782-bbe4-11ef-90ab-d2d997c832d6_27148785.jpg",
      "categories": [
        "TRVANLIVÉ",
        "PEČENÍ A VAŘENÍ"
      ],
      "prices": [
        {
          "store_name": "Albert",
          "price": 52.9,
          "original_price": null,
          "unit_price": 105.8,
          "unit": "Kg",
          "package_size": "500 g",
          "condition": null
        }
      ],
      "description": null
    },
    {
      "name": "Nescafé Dolce Gusto Ristretto Ardenza kapsle",
      "brand": "Nescafé",
      "product_url": "https://wolt.com/cs/cze/prague/venue/albert-vinohradska/nescafe-dolce-gusto-ristretto-ardenza-kapsle-itemid-64ca0b7cba162577de489796",
      "image_url": "https://imageproxy.wolt.com/menu/menu-images/64ffec4406cca0140dfab831/79ed2046-8eb8-11ee-ab5c-9e446d541704_26109220.jpg",
      "categories": [
        "NÁPOJE",
        "KÁVA A ČAJ"
      ],
      "prices": [
        {
          "store_name": "Albert",
          "price": 149.9,
          "original_price": null,
          "unit_price": 9.37,
          "unit": "ks",
          "package_size": "‪16‬ kusů",
          "condition": null
        }
      ],
      "description": null
    },
    {
      "name": "Ben & Jerrys Chocolate Fudge Brownie",
      "brand": "Ben",
      "product_url": "https://wolt.com/cs/cze/prague/venue/albert-vinohradska/ben-jerrys-chocolate-fudge-brownie-itemid-6876153a0c6218e9f3e5f44f",
      "image_url": "https://imageproxy.wolt.com/menu/menu-images/64b62ec5e5ab70cdc92e30f0/08753c88-616f-11f0-9dcc-7aa4edd7cfb5_27249833.jpg",
      "categories": [
        "MRAŽENÉ POTRAVINY",
        "ZMRZLINA A NANUKY"
      ],
      "prices": [
        {
          "store_name": "Albert",
          "price": 243.0,
          "original_price": null,
          "unit_price": 522.58,
          "unit": "l",
          "package_size": "465 ml",
          "condition": null
        }
      ],
      "description": null
    },
    {
      "name": "Viňa Tarapacá Chardonnay",
      "brand": "Viňa",
      "product_url": "https://wolt.com/cs/cze/prague/venue/albert-vinohradska/vina-tarapaca-chardonnay-itemid-64ca0b7cba162577de4887c9",
      "image_url": "https://imageproxy.wolt.com/menu/menu-images/64ffec4406cca0140dfab831/a5d676e4-8eae-11ee-b146-1aab45c8976d_22635143.jpg",
      "categories": [
        "NÁPOJE",
        "VÍNA"
      ],
      "prices": [
        {
          "store_name": "Albert",
          "price": 209.0,
          "original_price": null,
          "unit_price": 278.67,
          "unit": "l",
          "package_size": "750 ml, 12,5% alc",
          "condition": "18+"
        }
      ],
      "description": null
    },
    {
      "name": "Rodinné vinařství Břeclav Dornfelder",
      "brand": "Rodinné",
      "product_url": "https://wolt.com/cs/cze/prague/venue/albert-vinohradska/rodinne-vinarstvi-breclav-dornfelder-itemid-657233256818b938df94799e",
      "image_url": "https://imageproxy.wolt.com/menu/menu-images/64ffec4406cca0140dfab831/b3f6cf62-8ebd-11ee-9cfd-cef5e19e5e09_26961873.jpg",
      "categories": [
        "NÁPOJE",
        "VÍNA"
      ],
      "prices": [
        {
          "store_name": "Albert",
          "price": 199.0,
          "original_price": null,
          "unit_price": 265.33,
          "unit": "l",
          "package_size": "750 ml, 11,5% alc",
          "condition": "18+"
        }
      ],
      "description": null
    },
    {
      "name": "Kitbis Pomerančové pásky",
      "brand": "Kitbis",
      "product_url": "https://wolt.com/cs/cze/prague/venue/albert-vinohradska/kitbis-pomerancove-pasky-itemid-64ca0b7cba162577de4898fa",
      "image_url": "https://imageproxy.wolt.com/menu/menu-images/64ffec4406cca0140dfab831/6eb0a600-8ec5-11ee-8d6a-3ef4a229de2c_27544242.jpg",
      "categories": [
        "TRVANLIVÉ",
        "SLADKOSTI"
      ],
      "prices": [
        {
          "store_name": "Albert",
          "price": 25.9,
          "original_price": null,
          "unit_price": 172.67,
          "unit": "Kg",
          "package_size": "150 g",
          "condition": null
        }
      ],
      "description": null
    },
    {
      "name": "World's Market Tortilly pšeničné",
      "brand": "World's Market",
      "product_url": "https://wolt.com/cs/cze/prague/venue/albert-vinohradska/world-s-market-tortilly-psenicne-itemid-651c87497c0093ba387e196a",
      "image_url": "https://imageproxy.wolt.com/menu/menu-images/63ad795db242366d1f818f36/8be568f4-5efa-11ef-a61c-ea9e624525eb_27758861.jpg",
      "categories": [
        "PEKÁRNA A CUKRÁRNA",
        "SLANÉ PEČIVO BALENÉ"
      ],
      "prices": [
        {
          "store_name": "Albert",
          "price": 44.9,
          "original_price": null,
          "unit_price": 121.35,
          "unit": "Kg",
          "package_size": "370 g",
          "condition": null
        }
      ],
      "description": null
    },
    {
      "name": "Corny BIG cereální tyčinka lískový oříšek",
      "brand": "Corny",
      "product_url": "https://wolt.com/cs/cze/prague/venue/albert-vinohradska/corny-big-cerealni-tycinka-liskovy-orisek-itemid-64ca0b7cba162577de488ca7",
      "image_url": "https://imageproxy.wolt.com/menu/menu-images/64ffec4406cca0140dfab831/d35569a0-8f48-11ee-9fa4-46a7e080a5f4_21459061.jpg",
      "categories": [
        "TRVANLIVÉ",
        "MÜSLI A CEREÁLIE"
      ],
      "prices": [
        {
          "store_name": "Albert",
          "price": null,
          "original_price": null,
          "unit_price": 318.0,
          "unit": "Kg",
          "package_size": "50 g",
          "condition": "Sleva"
        }
      ],
      "description": null
    },
    {
      "name": "Malva Hořčice kremžská",
      "brand": "Malva",
      "product_url": "https://wolt.com/cs/cze/prague/venue/albert-vinohradska/malva-horcice-kremzska-itemid-64ca0b7cba162577de48853f",
      "image_url": "https://imageproxy.wolt.com/menu/menu-images/63ad795db242366d1f818f36/aac645ae-ed43-11ef-8e0b-7a1bb9aa2033_20305376.jpg",
      "categories": [
        "TRVANLIVÉ",
        "KEČUPY A HOŘČICE"
      ],
      "prices": [
        {
          "store_name": "Albert",
          "price": 14.9,
          "original_price": null,
          "unit_price": 74.5,
          "unit": "Kg",
          "package_size": "200 g",
          "condition": null
        }
      ],
      "description": null
    },
    {
      "name": "President Máslo s mořskou solí",
      "brand": "President",
      "product_url": "https://wolt.com/cs/cze/prague/venue/albert-vinohradska/president-maslo-s-morskou-soli-itemid-657233256818b938df948726",
      "image_url": "https://imageproxy.wolt.com/menu/menu-images/64ffec4406cca0140dfab831/a8ea0bd2-8eb0-11ee-b121-be8c16d2d45a_23916111.jpg",
      "categories": [
        "MLÉČNÉ A CHLAZENÉ",
        "MÁSLO A TUKY"
      ],
      "prices": [
        {
          "store_name": "Albert",
          "price": 99.9,
          "original_price": null,
          "unit_price": 399.6,
          "unit": "Kg",
          "package_size": "250 g",
          "condition": null
        }
      ],
      "description": null
    },
    {
      "name": "Bambino s parenicou",
      "brand": "Bambino",
      "product_url": "https://wolt.com/cs/cze/prague/venue/albert-vinohradska/bambino-s-parenicou-itemid-657233256818b938df947891",
      "image_url": "https://imageproxy.wolt.com/menu/menu-images/64ffec4406cca0140dfab831/3a216c40-8ec9-11ee-aeda-fa8414d4bbe8_27742488.jpg",
      "categories": [
        "MLÉČNÉ A CHLAZENÉ",
        "SÝRY"
      ],
      "prices": [
        {
          "store_name": "Albert",
          "price": 36.9,
          "original_price": null,
          "unit_price": 369.0,
          "unit": "Kg",
          "package_size": "100 g",
          "condition": null
        }
      ],
      "description": null
    },
    {
      "name": "Pampers Aqua Harmonie dětské čisticí ubrousky",
      "brand": "Pampers",
      "product_url": "https://wolt.com/cs/cze/prague/venue/albert-vinohradska/pampers-aqua-harmonie-detske-cistici-ubrousky-itemid-6601e4a4cac78ba1a23247e5",
      "image_url": "https://imageproxy.wolt.com/menu/menu-images/63ad795db242366d1f818f36/34c0b852-ed44-11ef-b557-d6e526eddcc4_27627525.jpg",
      "categories": [
        "DÍTĚ",
        "VLHČENÉ UBROUSKY"
      ],
      "prices": [
        {
          "store_name": "Albert",
          "price": 69.9,
          "original_price": null,
          "unit_price": 1.46,
          "unit": "ks",
          "package_size": "‪48‬ kusů",
          "condition": null
        }
      ],
      "description": null
    },
    {
      "name": "Nature's Promise Bio Kids Mrazem sušená zelenina",
      "brand": "Nature's Promise",
      "product_url": "https://wolt.com/cs/cze/prague/venue/albert-vinohradska/nature-s-promise-bio-kids-mrazem-susena-zelenina-itemid-6601eb401ed0edb22dfcb90d",
      "image_url": "https://imageproxy.wolt.com/menu/menu-images/63ad795db242366d1f818f36/9f1417b6-8e26-11f0-939f-ce52dedeb7e0_27796481.jpg",
      "categories": [
        "OVOCE A ZELENINA",
        "SUCHÉ PLODY"
      ],
      "prices": [
        {
          "store_name": "Albert",
          "price": 48.6,
          "original_price": null,
          "unit_price": 2858.82,
          "unit": "Kg",
          "package_size": "17 g",
          "condition": "Vyprodáno"
        }
      ],
      "description": null
    },
    {
      "name": "Coca-Cola",
      "brand": "Coca-Cola",
      "product_url": "https://wolt.com/cs/cze/prague/venue/albert-vinohradska/coca-cola-itemid-657233256818b938df948a79",
      "image_url": "https://imageproxy.wolt.com/menu/menu-images/63ad795db242366d1f818f36/b5f71124-ed43-11ef-9d96-a2633eab7c0e_21566325.jpg",
      "categories": [
        "NÁPOJE",
        "LIMONÁDY"
      ],
      "prices": [
        {
          "store_name": "Albert",
          "price": 34.9,
          "original_price": null,
          "unit_price": 34.9,
          "unit": "l",
          "package_size": "1 l",
          "condition": null
        }
      ],
      "description": null
    },
    {
      "name": "Sommelier Collection Pálava",
      "brand": "Sommelier",
      "product_url": "https://wolt.com/cs/cze/prague/venue/albert-vinohradska/sommelier-collection-palava-itemid-64ca0b7cba162577de48a49c",
      "image_url": "https://imageproxy.wolt.com/menu/menu-images/64ffec4406cca0140dfab831/7acf3564-8ec5-11ee-bca5-2254ad732fe4_27549209.jpg",
      "categories": [
        "NÁPOJE",
        "VÍNA"
      ],
      "prices": [
        {
          "store_name": "Albert",
          "price": 269.0,
          "original_price": null,
          "unit_price": 358.67,
          "unit": "l",
          "package_size": "750 ml, 13,5% alc",
          "condition": "18+"
        }
      ],
      "description": null
    },
    {
      "name": "Jemča Ovocný čaj černý rybíz",
      "brand": "Jemča",
      "product_url": "https://wolt.com/cs/cze/prague/venue/albert-vinohradska/jemca-ovocny-caj-cerny-rybiz-itemid-64ca0b7cba162577de48989a",
      "image_url": "https://imageproxy.wolt.com/menu/menu-images/63ad795db242366d1f818f36/e5c35dc4-a8e9-11f0-8e04-7ad483de8660_20303051.jpg",
      "categories": [
        "NÁPOJE",
        "KÁVA A ČAJ"
      ],
      "prices": [
        {
          "store_name": "Albert",
          "price": 28.9,
          "original_price": null,
          "unit_price": 722.5,
          "unit": "Kg",
          "package_size": "40 g",
          "condition": null
        }
      ],
      "description": null
    },
    {
      "name": "L'Oréal Paris Elseve šampon Total Repair 5",
      "brand": "L'Oréal",
      "product_url": "https://wolt.com/cs/cze/prague/venue/albert-vinohradska/l-oreal-paris-elseve-sampon-total-repair-5-itemid-64ca0b7cba162577de488ec3",
      "image_url": "https://imageproxy.wolt.com/menu/menu-images/64ffec4406cca0140dfab831/a3eee1e0-8eb3-11ee-95eb-4ac825cfc539_25090116.jpg",
      "categories": [
        "DROGERIE A KOSMETIKA",
        "PÉČE O VLASY"
      ],
      "prices": [
        {
          "store_name": "Albert",
          "price": 159.0,
          "original_price": null,
          "unit_price": 397.5,
          "unit": "l",
          "package_size": "400 ml",
          "condition": null
        }
      ],
      "description": null
    },
    {
      "name": "Pedro Pendreky  s příchutí jablka",
      "brand": "Pedro",
      "product_url": "https://wolt.com/cs/cze/prague/venue/albert-vinohradska/pedro-pendreky-s-prichuti-jablka-itemid-64ca0b7cba162577de48864b",
      "image_url": "https://imageproxy.wolt.com/menu/menu-images/64ffec4406cca0140dfab831/aa180728-8ebc-11ee-ab95-6e81ffaa4982_26855387.jpg",
      "categories": [
        "TRVANLIVÉ",
        "SLADKOSTI"
      ],
      "prices": [
        {
          "store_name": "Albert",
          "price": 23.9,
          "original_price": null,
          "unit_price": 298.75,
          "unit": "Kg",
          "package_size": "80 g",
          "condition": null
        }
      ],
      "description": null
    },
    {
      "name": "Gustona Kořenící směs do jídel",
      "brand": "Gustona",
      "product_url": "https://wolt.com/cs/cze/prague/venue/albert-vinohradska/gustona-korenici-smes-do-jidel-itemid-64ca0b7cba162577de489c7c",
      "image_url": "https://imageproxy.wolt.com/menu/menu-images/64ffec4406cca0140dfab831/d7636630-8eaf-11ee-84a3-2e6db99b5925_23548855.jpg",
      "categories": [
        "TRVANLIVÉ",
        "KOŘENÍ A OCHUCOVADLA"
      ],
      "prices": [
        {
          "store_name": "Albert",
          "price": 11.9,
          "original_price": null,
          "unit_price": 59.5,
          "unit": "Kg",
          "package_size": "200 g",
          "condition": null
        }
      ],
      "description": null
    },
    {
      "name": "Gervais Sýr tvarohový čerstvý česnek a bylinky",
      "brand": "Gervais",
      "product_url": "https://wolt.com/cs/cze/prague/venue/albert-vinohradska/gervais-syr-tvarohovy-cerstvy-cesnek-a-bylinky-itemid-657233256818b938df94784f",
      "image_url": "https://imageproxy.wolt.com/menu/menu-images/63ad795db242366d1f818f36/ba30efa8-5efa-11ef-af4e-1269d11e3f79_24956888.jpg",
      "categories": [
        "MLÉČNÉ A CHLAZENÉ",
        "SÝRY"
      ],
      "prices": [
        {
          "store_name": "Albert",
          "price": null,
          "original_price": null,
          "unit_price": 311.25,
          "unit": "Kg",
          "package_size": "80 g",
          "condition": "Sleva"
        }
      ],
      "description": null
    },
    {
      "name": "Pfanner 100% multivitamin",
      "brand": "Pfanner",
      "product_url": "https://wolt.com/cs/cze/prague/venue/albert-vinohradska/pfanner-100-multivitamin-itemid-64ca0b7cba162577de48950a",
      "image_url": "https://imageproxy.wolt.com/menu/menu-images/63ad795db242366d1f818f36/25e529c6-4e4d-11ef-a1c4-1a6ceff1f938_21395208.jpg",
      "categories": [
        "NÁPOJE",
        "DŽUSY A NEKTARY"
      ],
      "prices": [
        {
          "store_name": "Albert",
          "price": 44.9,
          "original_price": null,
          "unit_price": 44.9,
          "unit": "l",
          "package_size": "1 l",
          "condition": null
        }
      ],
      "description": null
    },
    {
      "name": "Lay's Strong Chilli & Lime",
      "brand": "Lay's",
      "product_url": "https://wolt.com/cs/cze/prague/venue/albert-vinohradska/lay-s-strong-chilli-lime-itemid-64ca0b7cba162577de48a714",
      "image_url": "https://imageproxy.wolt.com/menu/menu-images/63ad795db242366d1f818f36/55f1f9c2-d671-11ee-afa0-eabede20cfb7_27775134.jpg",
      "categories": [
        "TRVANLIVÉ",
        "SLANÉ"
      ],
      "prices": [
        {
          "store_name": "Albert",
          "price": 34.9,
          "original_price": null,
          "unit_price": 634.55,
          "unit": "Kg",
          "package_size": "55 g",
          "condition": null
        }
      ],
      "description": null
    },
    {
      "name": "Horal ALE premium",
      "brand": "Horal",
      "product_url": "https://wolt.com/cs/cze/prague/venue/albert-vinohradska/horal-ale-premium-itemid-657233256818b938df948aec",
      "image_url": "https://imageproxy.wolt.com/menu/menu-images/64ffec4406cca0140dfab831/d2da1fd0-8ec0-11ee-b597-963b628c98c7_27198506.jpg",
      "categories": [
        "NÁPOJE",
        "PIVA"
      ],
      "prices": [
        {
          "store_name": "Albert",
          "price": 99.9,
          "original_price": null,
          "unit_price": 99.9,
          "unit": "l",
          "package_size": "1 l, 5,4% alc",
          "condition": "18+"
        }
      ],
      "description": null
    },
    {
      "name": "Olma Smetana ke šlehání 33%",
      "brand": "Olma",
      "product_url": "https://wolt.com/cs/cze/prague/venue/albert-vinohradska/olma-smetana-ke-slehani-33-itemid-64ca0b7cba162577de489130",
      "image_url": "https://imageproxy.wolt.com/menu/menu-images/64ffec4406cca0140dfab831/5026dc06-8eb4-11ee-a6b8-22a8008f3216_25283334.jpg",
      "categories": [
        "MLÉČNÉ A CHLAZENÉ",
        "SMETANY A ŠLEHAČKY"
      ],
      "prices": [
        {
          "store_name": "Albert",
          "price": 39.9,
          "original_price": null,
          "unit_price": 199.5,
          "unit": "Kg",
          "package_size": "200 g",
          "condition": null
        }
      ],
      "description": null
    },
    {
      "name": "Nature's Promise Kids Müsli tyčinky meruňkové",
      "brand": "Nature's Promise",
      "product_url": "https://wolt.com/cs/cze/prague/venue/albert-vinohradska/nature-s-promise-kids-musli-tycinky-merunkove-itemid-64ca0b7cba162577de4882ab",
      "image_url": "https://imageproxy.wolt.com/menu/menu-images/64ffec4406cca0140dfab831/9a6b831e-8ec5-11ee-8421-bad10d590585_27557822.jpg",
      "categories": [
        "TRVANLIVÉ",
        "SLADKOSTI"
      ],
      "prices": [
        {
          "store_name": "Albert",
          "price": null,
          "original_price": null,
          "unit_price": 212.86,
          "unit": "Kg",
          "package_size": "70 g",
          "condition": "Sleva"
        }
      ],
      "description": null
    },
    {
      "name": "Teekanne Ovocný čaj Magic Moments",
      "brand": "Teekanne",
      "product_url": "https://wolt.com/cs/cze/prague/venue/albert-vinohradska/teekanne-ovocny-caj-magic-moments-itemid-64ca0b7cba162577de489a31",
      "image_url": "https://imageproxy.wolt.com/menu/menu-images/64ffec4406cca0140dfab831/83a655a2-8eaf-11ee-b2c9-1aabffa83dfd_23344341.jpg",
      "categories": [
        "NÁPOJE",
        "KÁVA A ČAJ"
      ],
      "prices": [
        {
          "store_name": "Albert",
          "price": 44.9,
          "original_price": null,
          "unit_price": 898.0,
          "unit": "Kg",
          "package_size": "50 g",
          "condition": null
        }
      ],
      "description": null
    },
    {
      "name": "Olma Florian smetanový jogurt vaječný likér",
      "brand": "Olma",
      "product_url": "https://wolt.com/cs/cze/prague/venue/albert-vinohradska/olma-florian-smetanovy-jogurt-vajecny-liker-itemid-64ca0b7cba162577de48833f",
      "image_url": "https://imageproxy.wolt.com/menu/menu-images/64ffec4406cca0140dfab831/80759934-8eae-11ee-8d7a-aa6a0c58eab8_22452238.jpg",
      "categories": [
        "MLÉČNÉ A CHLAZENÉ",
        "JOGURTY A DEZERTY"
      ],
      "prices": [
        {
          "store_name": "Albert",
          "price": null,
          "original_price": null,
          "unit_price": 66.0,
          "unit": "Kg",
          "package_size": "150 g",
          "condition": "Sleva"
        }
      ],
      "description": null
    },
    {
      "name": "Chesterfield RS Red Crown",
      "brand": "Chesterfield",
      "product_url": "https://wolt.com/cs/cze/prague/venue/albert-vinohradska/chesterfield-rs-red-crown-itemid-64ca0b7cba162577de48881f",
      "image_url": "https://imageproxy.wolt.com/menu/menu-images/64ffec4406cca0140dfab831/c810b762-8eb6-11ee-8eff-06c7de8dd7bf_25838886.jpg",
      "categories": [
        "DOMÁCNOST A ZAHRADA",
        "CIGARETY"
      ],
      "prices": [
        {
          "store_name": "Albert",
          "price": 156.0,
          "original_price": null,
          "unit_price": 156.0,
          "unit": "ks",
          "package_size": "‪1‬ kus",
          "condition": "18+"
        }
      ],
      "description": null
    },
    {
      "name": "Hellmann's Salátová omáčka",
      "brand": "Hellmann's",
      "product_url": "https://wolt.com/cs/cze/prague/venue/albert-vinohradska/hellmann-s-salatova-omacka-itemid-64ca0b7cba162577de489a83",
      "image_url": "https://imageproxy.wolt.com/menu/menu-images/64ffec4406cca0140dfab831/6de93a00-8ec7-11ee-8fa1-ce752cd7e428_27657966.jpg",
      "categories": [
        "MLÉČNÉ A CHLAZENÉ",
        "MAJONÉZY A TATARKY"
      ],
      "prices": [
        {
          "store_name": "Albert",
          "price": 49.9,
          "original_price": null,
          "unit_price": 123.21,
          "unit": "l",
          "package_size": "405 ml",
          "condition": null
        }
      ],
      "description": null
    },
    {
      "name": "Nestlé Chocapic cereálie",
      "brand": "Nestlé",
      "product_url": "https://wolt.com/cs/cze/prague/venue/albert-vinohradska/nestle-chocapic-cerealie-itemid-64ca0b7cba162577de48894f",
      "image_url": "https://imageproxy.wolt.com/menu/menu-images/64ffec4406cca0140dfab831/1e8649ce-8eb5-11ee-8fe6-02d10f7fce64_25498967.jpg",
      "categories": [
        "TRVANLIVÉ",
        "MÜSLI A CEREÁLIE"
      ],
      "prices": [
        {
          "store_name": "Albert",
          "price": 129.9,
          "original_price": null,
          "unit_price": 201.4,
          "unit": "Kg",
          "package_size": "645 g",
          "condition": null
        }
      ],
      "description": null
    },
    {
      "name": "Olma Míšánek vanilka",
      "brand": "Olma",
      "product_url": "https://wolt.com/cs/cze/prague/venue/albert-vinohradska/olma-misanek-vanilka-itemid-64ca0b7cba162577de4899d8",
      "image_url": "https://imageproxy.wolt.com/menu/menu-images/64ffec4406cca0140dfab831/c82f4bee-8ec7-11ee-a14c-22ab4de1c557_27680650.jpg",
      "categories": [
        "MLÉČNÉ A CHLAZENÉ",
        "JOGURTY A DEZERTY"
      ],
      "prices": [
        {
          "store_name": "Albert",
          "price": 12.9,
          "original_price": null,
          "unit_price": 143.33,
          "unit": "Kg",
          "package_size": "90 g",
          "condition": null
        }
      ],
      "description": null
    },
    {
      "name": "Hoegaarden Witbier pšeničný ležák",
      "brand": "Hoegaarden",
      "product_url": "https://wolt.com/cs/cze/prague/venue/albert-vinohradska/hoegaarden-witbier-psenicny-lezak-itemid-6601e02a2496defd3efed962",
      "image_url": "https://imageproxy.wolt.com/menu/menu-images/6601c613e48d1c8d95333085/3f6d71e2-eae2-11ee-a063-0279839fcf9e_22714862.jpg",
      "categories": [
        "NÁPOJE",
        "PIVA"
      ],
      "prices": [
        {
          "store_name": "Albert",
          "price": 39.9,
          "original_price": null,
          "unit_price": 120.91,
          "unit": "l",
          "package_size": "330 ml, 5% alc",
          "condition": "18+"
        }
      ],
      "description": null
    },
    {
      "name": "Hami Zelenina s telecím masem",
      "brand": "Hami",
      "product_url": "https://wolt.com/cs/cze/prague/venue/albert-vinohradska/hami-zelenina-s-telecim-masem-itemid-64ca0b7cba162577de489a15",
      "image_url": "https://imageproxy.wolt.com/menu/menu-images/64ffec4406cca0140dfab831/99a1fe1e-8eb0-11ee-8e9a-224a9e8cb6c6_23890695.jpg",
      "categories": [
        "DÍTĚ",
        "VÝŽIVA"
      ],
      "prices": [
        {
          "store_name": "Albert",
          "price": 31.9,
          "original_price": null,
          "unit_price": 127.6,
          "unit": "Kg",
          "package_size": "250 g",
          "condition": null
        }
      ],
      "description": null
    },
    {
      "name": "Pampers Night Pants Pleny kalhotkové, veilkost 5",
      "brand": "Pampers",
      "product_url": "https://wolt.com/cs/cze/prague/venue/albert-vinohradska/pampers-night-pants-pleny-kalhotkove-veilkost-5-itemid-66021dab7923666d4d0ac570",
      "image_url": "https://imageproxy.wolt.com/menu/menu-images/6601c613e48d1c8d95333085/43e00d82-eae4-11ee-92e5-eeff4dfe8a12_27516799.jpg",
      "categories": [
        "DÍTĚ",
        "PLENY A PODLOŽKY"
      ],
      "prices": [
        {
          "store_name": "Albert",
          "price": 249.0,
          "original_price": null,
          "unit_price": 11.32,
          "unit": "ks",
          "package_size": "‪22‬ kusů",
          "condition": null
        }
      ],
      "description": null
    },
    {
      "name": "Always Platinum Day&Night vložky s křidélky",
      "brand": "Always",
      "product_url": "https://wolt.com/cs/cze/prague/venue/albert-vinohradska/always-platinum-day-night-vlozky-s-kridelky-itemid-6601f56504d7db9231672abe",
      "image_url": "https://imageproxy.wolt.com/menu/menu-images/63ad795db242366d1f818f36/3f97987c-4e4d-11ef-ab2c-ee0d8c12bcb3_25336184.jpg",
      "categories": [
        "DROGERIE A KOSMETIKA",
        "DÁMSKÉ HYG. POTŘEBY"
      ],
      "prices": [
        {
          "store_name": "Albert",
          "price": 119.9,
          "original_price": null,
          "unit_price": 119.9,
          "unit": "ks",
          "package_size": "‪1‬ kus",
          "condition": null
        }
      ],
      "description": null
    },
    {
      "name": "Softé Tekuté mýdlo v sáčku oliva",
      "brand": "Softé",
      "product_url": "https://wolt.com/cs/cze/prague/venue/albert-vinohradska/softe-tekute-mydlo-v-sacku-oliva-itemid-6601e6934cd0cfc726dd260f",
      "image_url": "https://imageproxy.wolt.com/menu/menu-images/6601c613e48d1c8d95333085/3c8a7892-eae4-11ee-853e-b61162878c08_27496107.jpg",
      "categories": [
        "DROGERIE A KOSMETIKA",
        "MÝDLA A GELY"
      ],
      "prices": [
        {
          "store_name": "Albert",
          "price": 34.9,
          "original_price": null,
          "unit_price": 34.9,
          "unit": "l",
          "package_size": "1 l",
          "condition": "Vyprodáno"
        }
      ],
      "description": null
    },
    {
      "name": "Žampiony čerstvé zahradní",
      "brand": "Žampiony",
      "product_url": "https://wolt.com/cs/cze/prague/venue/albert-vinohradska/zampiony-cerstve-zahradni-itemid-64ca0b7cba162577de488351",
      "image_url": "https://imageproxy.wolt.com/menu/menu-images/64ffec4406cca0140dfab831/0cbfe540-8ead-11ee-8a29-aa21438df9a4_20453749.jpg",
      "categories": [
        "OVOCE A ZELENINA",
        "HOUBY"
      ],
      "prices": [
        {
          "store_name": "Albert",
          "price": 59.9,
          "original_price": null,
          "unit_price": 119.8,
          "unit": "Kg",
          "package_size": "500 g",
          "condition": null
        }
      ],
      "description": null
    },
    {
      "name": "7Days Croissant lískooříškový",
      "brand": "7Days",
      "product_url": "https://wolt.com/cs/cze/prague/venue/albert-vinohradska/7days-croissant-liskooriskovy-itemid-657233256818b938df947832",
      "image_url": "https://imageproxy.wolt.com/menu/menu-images/64ffec4406cca0140dfab831/6283d830-8eb5-11ee-9bc3-aa70cbf91f77_25540543.jpg",
      "categories": [
        "PEKÁRNA A CUKRÁRNA",
        "SLADKÉ PEČIVO BALENÉ"
      ],
      "prices": [
        {
          "store_name": "Albert",
          "price": 19.9,
          "original_price": null,
          "unit_price": 331.67,
          "unit": "Kg",
          "package_size": "60 g",
          "condition": null
        }
      ],
      "description": null
    },
    {
      "name": "Pickwick Ovocný čaj třešeň",
      "brand": "Pickwick",
      "product_url": "https://wolt.com/cs/cze/prague/venue/albert-vinohradska/pickwick-ovocny-caj-tresen-itemid-64ca0b7cba162577de4899ca",
      "image_url": "https://imageproxy.wolt.com/menu/menu-images/64ffec4406cca0140dfab831/398837b6-8ebd-11ee-9acc-2ea44b0f5f93_26928333.jpg",
      "categories": [
        "NÁPOJE",
        "KÁVA A ČAJ"
      ],
      "prices": [
        {
          "store_name": "Albert",
          "price": 32.9,
          "original_price": null,
          "unit_price": 822.5,
          "unit": "Kg",
          "package_size": "40 g",
          "condition": null
        }
      ],
      "description": null
    },
    {
      "name": "Pur Čistič nádobí Aloe Vera",
      "brand": "Pur",
      "product_url": "https://wolt.com/cs/cze/prague/venue/albert-vinohradska/pur-cistic-nadobi-aloe-vera-itemid-657233256818b938df94878f",
      "image_url": "https://imageproxy.wolt.com/menu/menu-images/64ffec4406cca0140dfab831/6339a5b2-8eb4-11ee-9013-feea992db910_25306644.jpg",
      "categories": [
        "DROGERIE A KOSMETIKA",
        "ČISTÍCÍ PROSTŘEDKY"
      ],
      "prices": [
        {
          "store_name": "Albert",
          "price": 49.9,
          "original_price": null,
          "unit_price": 110.89,
          "unit": "l",
          "package_size": "450 ml",
          "condition": null
        }
      ],
      "description": null
    },
    {
      "name": "Tena Lady Slim Mini inkotinenční vložky",
      "brand": "Tena",
      "product_url": "https://wolt.com/cs/cze/prague/venue/albert-vinohradska/tena-lady-slim-mini-inkotinencni-vlozky-itemid-64ca0b7cba162577de488fab",
      "image_url": "https://imageproxy.wolt.com/menu/menu-images/64ffec4406cca0140dfab831/41f713fe-8ec2-11ee-a16f-f6a0c6fd1153_27290491.jpg",
      "categories": [
        "DROGERIE A KOSMETIKA",
        "DÁMSKÉ HYG. POTŘEBY"
      ],
      "prices": [
        {
          "store_name": "Albert",
          "price": 59.9,
          "original_price": null,
          "unit_price": 5.99,
          "unit": "ks",
          "package_size": "‪10‬ kusů",
          "condition": null
        }
      ],
      "description": null
    },
    {
      "name": "L'Oréal Paris Elseve Color Vive šampon",
      "brand": "L'Oréal",
      "product_url": "https://wolt.com/cs/cze/prague/venue/albert-vinohradska/l-oreal-paris-elseve-color-vive-sampon-itemid-64ca0b7cba162577de489e91",
      "image_url": "https://imageproxy.wolt.com/menu/menu-images/64ffec4406cca0140dfab831/d5c16e8c-8ead-11ee-9edf-424f0985e4ef_21356285.jpg",
      "categories": [
        "DROGERIE A KOSMETIKA",
        "PÉČE O VLASY"
      ],
      "prices": [
        {
          "store_name": "Albert",
          "price": 119.9,
          "original_price": null,
          "unit_price": 479.6,
          "unit": "l",
          "package_size": "250 ml",
          "condition": null
        }
      ],
      "description": null
    },
    {
      "name": "Jihlavanka Standard mletá káva",
      "brand": "Jihlavanka",
      "product_url": "https://wolt.com/cs/cze/prague/venue/albert-vinohradska/jihlavanka-standard-mleta-kava-itemid-64ca0b7cba162577de4887f7",
      "image_url": "https://imageproxy.wolt.com/menu/menu-images/64ffec4406cca0140dfab831/7cf774bc-8eae-11ee-a545-ee002dc5ca71_22440600.jpg",
      "categories": [
        "NÁPOJE",
        "KÁVA A ČAJ"
      ],
      "prices": [
        {
          "store_name": "Albert",
          "price": null,
          "original_price": null,
          "unit_price": 259.0,
          "unit": "Kg",
          "package_size": "1 kg",
          "condition": "Sleva"
        }
      ],
      "description": null
    },
    {
      "name": "Mlékárna Kunín Šlehačka pařížská 27%",
      "brand": "Mlékárna Kunín",
      "product_url": "https://wolt.com/cs/cze/prague/venue/albert-vinohradska/mlekarna-kunin-slehacka-parizska-27-itemid-64ca0b7cba162577de48999e",
      "image_url": "https://imageproxy.wolt.com/menu/menu-images/63ad795db242366d1f818f36/ab765906-9796-11ef-b7a9-6e406f93c138_20295929.jpg",
      "categories": [
        "MLÉČNÉ A CHLAZENÉ",
        "SMETANY A ŠLEHAČKY"
      ],
      "prices": [
        {
          "store_name": "Albert",
          "price": 41.9,
          "original_price": null,
          "unit_price": 209.5,
          "unit": "Kg",
          "package_size": "200 g",
          "condition": null
        }
      ],
      "description": null
    },
    {
      "name": "Vitana Muškátový ořech",
      "brand": "Vitana",
      "product_url": "https://wolt.com/cs/cze/prague/venue/albert-vinohradska/vitana-muskatovy-orech-itemid-64ca0b7cba162577de48a31c",
      "image_url": "https://imageproxy.wolt.com/menu/menu-images/64ffec4406cca0140dfab831/cbfac27e-8eba-11ee-9cf5-06c7de8dd7bf_26684949.jpg",
      "categories": [
        "TRVANLIVÉ",
        "KOŘENÍ A OCHUCOVADLA"
      ],
      "prices": [
        {
          "store_name": "Albert",
          "price": 38.9,
          "original_price": null,
          "unit_price": 4322.22,
          "unit": "Kg",
          "package_size": "9 g",
          "condition": null
        }
      ],
      "description": null
    },
    {
      "name": "Mlékárna Kunín Kefírové mléko",
      "brand": "Mlékárna Kunín",
      "product_url": "https://wolt.com/cs/cze/prague/venue/albert-vinohradska/mlekarna-kunin-kefirove-mleko-itemid-64ca0b7cba162577de48989e",
      "image_url": "https://imageproxy.wolt.com/menu/menu-images/64ffec4406cca0140dfab831/54c61752-8ebb-11ee-8a4f-9ec5d8563a7d_26766485.jpg",
      "categories": [
        "MLÉČNÉ A CHLAZENÉ",
        "MLÉČNÉ NÁPOJE"
      ],
      "prices": [
        {
          "store_name": "Albert",
          "price": 23.9,
          "original_price": null,
          "unit_price": 53.11,
          "unit": "Kg",
          "package_size": "450 g",
          "condition": null
        }
      ],
      "description": null
    },
    {
      "name": "Magnum Double Sunlover",
      "brand": "Magnum",
      "product_url": "https://wolt.com/cs/cze/prague/venue/albert-vinohradska/magnum-double-sunlover-itemid-6876153a0c6218e9f3e5f46c",
      "image_url": "https://imageproxy.wolt.com/menu/menu-images/64b62ec5e5ab70cdc92e30f0/1e515424-616f-11f0-82c4-e25759a280aa_27706466.jpg",
      "categories": [
        "MRAŽENÉ POTRAVINY",
        "ZMRZLINA A NANUKY"
      ],
      "prices": [
        {
          "store_name": "Albert",
          "price": 109.9,
          "original_price": null,
          "unit_price": 249.77,
          "unit": "l",
          "package_size": "440 ml",
          "condition": null
        }
      ],
      "description": null
    },
    {
      "name": "Gliss Ultimate Repair regenerační balzám",
      "brand": "Gliss",
      "product_url": "https://wolt.com/cs/cze/prague/venue/albert-vinohradska/gliss-ultimate-repair-regeneracni-balzam-itemid-64ca0b7cba162577de488ecd",
      "image_url": "https://imageproxy.wolt.com/menu/menu-images/64ffec4406cca0140dfab831/35c1fdaa-8eb4-11ee-b41a-662d260bbeaa_25260861.jpg",
      "categories": [
        "DROGERIE A KOSMETIKA",
        "PÉČE O VLASY"
      ],
      "prices": [
        {
          "store_name": "Albert",
          "price": 141.9,
          "original_price": null,
          "unit_price": 709.5,
          "unit": "l",
          "package_size": "200 ml",
          "condition": null
        }
      ],
      "description": null
    },
    {
      "name": "Nature's Promise Bio Bobkový list celý",
      "brand": "Nature's Promise",
      "product_url": "https://wolt.com/cs/cze/prague/venue/albert-vinohradska/nature-s-promise-bio-bobkovy-list-cely-itemid-681b5abffcbd67bf7a8f49de",
      "image_url": "https://imageproxy.wolt.com/menu/menu-images/63ad795db242366d1f818f36/a2c0b514-2b47-11f0-84b3-be47bb4dacd4_27938690.jpg",
      "categories": [
        "TRVANLIVÉ",
        "KOŘENÍ A OCHUCOVADLA"
      ],
      "prices": [
        {
          "store_name": "Albert",
          "price": null,
          "original_price": null,
          "unit_price": 2380.0,
          "unit": "Kg",
          "package_size": "5 g",
          "condition": "Sleva"
        }
      ],
      "description": null
    },
    {
      "name": "Dr. Oetker Barva gelová potravinářská zelená",
      "brand": "Dr. Oetker",
      "product_url": "https://wolt.com/cs/cze/prague/venue/albert-vinohradska/dr-oetker-barva-gelova-potravinarska-zelena-itemid-64ca0b7cba162577de489fa7",
      "image_url": "https://imageproxy.wolt.com/menu/menu-images/63ad795db242366d1f818f36/107019ae-a8ea-11f0-87fa-12840a14f60a_26342108.jpg",
      "categories": [
        "TRVANLIVÉ",
        "PEČENÍ A VAŘENÍ"
      ],
      "prices": [
        {
          "store_name": "Albert",
          "price": 51.9,
          "original_price": null,
          "unit_price": 5190.0,
          "unit": "Kg",
          "package_size": "10 g",
          "condition": null
        }
      ],
      "description": null
    },
    {
      "name": "Activia Jogurt bílý sladký",
      "brand": "Activia",
      "product_url": "https://wolt.com/cs/cze/prague/venue/albert-vinohradska/activia-jogurt-bily-sladky-itemid-64ca0b7cba162577de4895fc",
      "image_url": "https://imageproxy.wolt.com/menu/menu-images/64ffec4406cca0140dfab831/cba8e5d0-8eb0-11ee-b9e4-76d8d681f910_24005425.jpg",
      "categories": [
        "MLÉČNÉ A CHLAZENÉ",
        "JOGURTY A DEZERTY"
      ],
      "prices": [
        {
          "store_name": "Albert",
          "price": 69.9,
          "original_price": null,
          "unit_price": 145.63,
          "unit": "Kg",
          "package_size": "480 g",
          "condition": null
        }
      ],
      "description": null
    },
    {
      "name": "Kostelecké Uzeniny Křemešník mini salám",
      "brand": "Kostelecké",
      "product_url": "https://wolt.com/cs/cze/prague/venue/albert-vinohradska/kostelecke-uzeniny-kremesnik-mini-salam-itemid-64ca0b7cba162577de489910",
      "image_url": "https://imageproxy.wolt.com/menu/menu-images/64ffec4406cca0140dfab831/8461d252-8eb2-11ee-ae52-7217cc85b990_24788625.jpg",
      "categories": [
        "UZENINY A LAHŮDKY",
        "SALÁMY"
      ],
      "prices": [
        {
          "store_name": "Albert",
          "price": 129.9,
          "original_price": null,
          "unit_price": 721.67,
          "unit": "Kg",
          "package_size": "180 g",
          "condition": null
        }
      ],
      "description": null
    },
    {
      "name": "Hamé Paštika s husími játry",
      "brand": "Hamé",
      "product_url": "https://wolt.com/cs/cze/prague/venue/albert-vinohradska/hame-pastika-s-husimi-jatry-itemid-657233256818b938df948461",
      "image_url": "https://imageproxy.wolt.com/menu/menu-images/63ad795db242366d1f818f36/76b4c4b0-e818-11ee-8007-667dc6126f46_27680407.jpg",
      "categories": [
        "UZENINY A LAHŮDKY",
        "SALÁTY A POMAZÁNKY"
      ],
      "prices": [
        {
          "store_name": "Albert",
          "price": 49.9,
          "original_price": null,
          "unit_price": 475.24,
          "unit": "Kg",
          "package_size": "105 g",
          "condition": null
        }
      ],
      "description": null
    },
    {
      "name": "Silan Aviváž aromatherapy fascinating jungle",
      "brand": "Silan",
      "product_url": "https://wolt.com/cs/cze/prague/venue/albert-vinohradska/silan-avivaz-aromatherapy-fascinating-jungle-itemid-657233256818b938df948903",
      "image_url": "https://imageproxy.wolt.com/menu/menu-images/6745ec28c3b7723db3588430/285e1b76-da6b-11f0-a75c-5ed2ca03b13f_27812785.jpg",
      "categories": [
        "DROGERIE A KOSMETIKA",
        "PRACÍ PROSTŘEDKY"
      ],
      "prices": [
        {
          "store_name": "Albert",
          "price": 99.9,
          "original_price": null,
          "unit_price": 2.0,
          "unit": "ks",
          "package_size": "‪50‬ kusů",
          "condition": null
        }
      ],
      "description": null
    },
    {
      "name": "Nescafé Dolce Gusto Flat White kapsle",
      "brand": "Nescafé",
      "product_url": "https://wolt.com/cs/cze/prague/venue/albert-vinohradska/nescafe-dolce-gusto-flat-white-kapsle-itemid-64ca0b7cba162577de488b89",
      "image_url": "https://imageproxy.wolt.com/menu/menu-images/64ffec4406cca0140dfab831/55be2a34-8ebe-11ee-83e6-36c5709726f2_27023396.jpg",
      "categories": [
        "NÁPOJE",
        "KÁVA A ČAJ"
      ],
      "prices": [
        {
          "store_name": "Albert",
          "price": 149.9,
          "original_price": null,
          "unit_price": 9.37,
          "unit": "ks",
          "package_size": "‪16‬ kusů",
          "condition": null
        }
      ],
      "description": null
    },
    {
      "name": "Emma Banán sušený plátky",
      "brand": "Emma",
      "product_url": "https://wolt.com/cs/cze/prague/venue/albert-vinohradska/emma-banan-suseny-platky-itemid-64ca0b7cba162577de4889b1",
      "image_url": "https://imageproxy.wolt.com/menu/menu-images/63ad795db242366d1f818f36/ff4cbc96-d995-11ef-b36c-6ed3aa2b3818_23707023.jpg",
      "categories": [
        "OVOCE A ZELENINA",
        "SUCHÉ PLODY"
      ],
      "prices": [
        {
          "store_name": "Albert",
          "price": 24.9,
          "original_price": null,
          "unit_price": 249.0,
          "unit": "Kg",
          "package_size": "100 g",
          "condition": null
        }
      ],
      "description": null
    },
    {
      "name": "Penam Večerní chlebík, krájený",
      "brand": "Penam",
      "product_url": "https://wolt.com/cs/cze/prague/venue/albert-vinohradska/penam-vecerni-chlebik-krajeny-itemid-64ca0b7cba162577de48859b",
      "image_url": "https://imageproxy.wolt.com/menu/menu-images/64ffec4406cca0140dfab831/3cd0fc36-8eb9-11ee-9059-e2efa80c37b6_26386980.jpg",
      "categories": [
        "PEKÁRNA A CUKRÁRNA",
        "CHLÉB BALENÝ"
      ],
      "prices": [
        {
          "store_name": "Albert",
          "price": 46.9,
          "original_price": null,
          "unit_price": 187.6,
          "unit": "Kg",
          "package_size": "250 g",
          "condition": null
        }
      ],
      "description": null
    },
    {
      "name": "Albert Vanilínový cukr",
      "brand": "Albert",
      "product_url": "https://wolt.com/cs/cze/prague/venue/albert-vinohradska/albert-vanilinovy-cukr-itemid-64ca0b7cba162577de4885ab",
      "image_url": "https://imageproxy.wolt.com/menu/menu-images/64ffec4406cca0140dfab831/b39107aa-8ec1-11ee-a754-6249ed284aa4_27258057.jpg",
      "categories": [
        "TRVANLIVÉ",
        "PEČENÍ A VAŘENÍ"
      ],
      "prices": [
        {
          "store_name": "Albert",
          "price": 1.9,
          "original_price": null,
          "unit_price": 95.0,
          "unit": "Kg",
          "package_size": "20 g",
          "condition": null
        }
      ],
      "description": null
    },
    {
      "name": "Chupa Chups jahoda",
      "brand": "Chupa",
      "product_url": "https://wolt.com/cs/cze/prague/venue/albert-vinohradska/chupa-chups-jahoda-itemid-657233256818b938df948343",
      "image_url": "https://imageproxy.wolt.com/menu/menu-images/64ffec4406cca0140dfab831/80b3114a-8ec9-11ee-b1e7-fec31b4d5ee4_27749678.jpg",
      "categories": [
        "NÁPOJE",
        "DŽUSY A NEKTARY"
      ],
      "prices": [
        {
          "store_name": "Albert",
          "price": 29.9,
          "original_price": null,
          "unit_price": 119.6,
          "unit": "l",
          "package_size": "250 ml",
          "condition": null
        }
      ],
      "description": null
    },
    {
      "name": "Nature's Promise Bio Majoránka drcená",
      "brand": "Nature's Promise",
      "product_url": "https://wolt.com/cs/cze/prague/venue/albert-vinohradska/nature-s-promise-bio-majoranka-drcena-itemid-681b5abffcbd67bf7a8f49da",
      "image_url": "https://imageproxy.wolt.com/menu/menu-images/63ad795db242366d1f818f36/a015179c-2b47-11f0-900f-2e2a102d9ad7_27938652.jpg",
      "categories": [
        "TRVANLIVÉ",
        "KOŘENÍ A OCHUCOVADLA"
      ],
      "prices": [
        {
          "store_name": "Albert",
          "price": null,
          "original_price": null,
          "unit_price": 2380.0,
          "unit": "Kg",
          "package_size": "5 g",
          "condition": "Sleva"
        }
      ],
      "description": null
    },
    {
      "name": "Dekos Talíř papírový",
      "brand": "Dekos",
      "product_url": "https://wolt.com/cs/cze/prague/venue/albert-vinohradska/dekos-talir-papirovy-itemid-6601e2af9154ce722a7b33a8",
      "image_url": "https://imageproxy.wolt.com/menu/menu-images/6601c613e48d1c8d95333085/df83f3da-eae3-11ee-81c7-f23fc03215da_27264591.jpg",
      "categories": [
        "DOMÁCNOST A ZAHRADA",
        "KUCHYŇSKÉ POTŘEBY"
      ],
      "prices": [
        {
          "store_name": "Albert",
          "price": 64.9,
          "original_price": null,
          "unit_price": 3.25,
          "unit": "ks",
          "package_size": "‪20‬ kusů",
          "condition": "Vyprodáno"
        }
      ],
      "description": null
    },
    {
      "name": "Avelopa Nudle předvařené",
      "brand": "Avelopa",
      "product_url": "https://wolt.com/cs/cze/prague/venue/albert-vinohradska/avelopa-nudle-predvarene-itemid-64ca0b7cba162577de489c28",
      "image_url": "https://imageproxy.wolt.com/menu/menu-images/63ad795db242366d1f818f36/e527198a-ed43-11ef-b1fb-962dfd259aaa_25659573.jpg",
      "categories": [
        "TRVANLIVÉ",
        "TĚSTOVINY A KUSKUS"
      ],
      "prices": [
        {
          "store_name": "Albert",
          "price": 62.9,
          "original_price": null,
          "unit_price": 125.8,
          "unit": "Kg",
          "package_size": "500 g",
          "condition": null
        }
      ],
      "description": null
    },
    {
      "name": "Lovepet Kapsy pro psy s hovězím a krůtou",
      "brand": "Lovepet",
      "product_url": "https://wolt.com/cs/cze/prague/venue/albert-vinohradska/lovepet-kapsy-pro-psy-s-hovezim-a-krutou-itemid-6601e887825ed3814d3888c3",
      "image_url": "https://imageproxy.wolt.com/menu/menu-images/6601c613e48d1c8d95333085/103e8ed2-eae3-11ee-9ad5-4aedea41cff8_26362496.jpg",
      "categories": [
        "ZVÍŘATA",
        "PSI"
      ],
      "prices": [
        {
          "store_name": "Albert",
          "price": 33.9,
          "original_price": null,
          "unit_price": 84.75,
          "unit": "Kg",
          "package_size": "400 g",
          "condition": null
        }
      ],
      "description": null
    },
    {
      "name": "Cellarium Bisencii Veltlínské zelené",
      "brand": "Cellarium",
      "product_url": "https://wolt.com/cs/cze/prague/venue/albert-vinohradska/cellarium-bisencii-veltlinske-zelene-itemid-64ca0b7cba162577de489d04",
      "image_url": "https://imageproxy.wolt.com/menu/menu-images/64ffec4406cca0140dfab831/6a3f4da8-8eaf-11ee-9c48-12ad6b72684e_23305816.jpg",
      "categories": [
        "NÁPOJE",
        "VÍNA"
      ],
      "prices": [
        {
          "store_name": "Albert",
          "price": 99.9,
          "original_price": null,
          "unit_price": 133.2,
          "unit": "l",
          "package_size": "750 ml, 12% alc",
          "condition": "18+"
        }
      ],
      "description": null
    },
    {
      "name": "Fernet Stock Citrus 27%",
      "brand": "Fernet",
      "product_url": "https://wolt.com/cs/cze/prague/venue/albert-vinohradska/fernet-stock-citrus-27-itemid-64ca0b7cba162577de4898f6",
      "image_url": "https://imageproxy.wolt.com/menu/menu-images/64ffec4406cca0140dfab831/4cc97716-8ebf-11ee-bf97-362f93bf1d5e_27105160.jpg",
      "categories": [
        "NÁPOJE",
        "LIHOVINY"
      ],
      "prices": [
        {
          "store_name": "Albert",
          "price": 159.0,
          "original_price": null,
          "unit_price": 318.0,
          "unit": "l",
          "package_size": "500 ml, 27% alc",
          "condition": "18+"
        }
      ],
      "description": null
    },
    {
      "name": "Dr. Oetker Guseppe Pizza šunková",
      "brand": "Dr. Oetker",
      "product_url": "https://wolt.com/cs/cze/prague/venue/albert-vinohradska/dr-oetker-guseppe-pizza-sunkova-itemid-6876153a0c6218e9f3e5f417",
      "image_url": "https://imageproxy.wolt.com/menu/menu-images/63ad795db242366d1f818f36/070ee336-a8ea-11f0-ab24-82a979777a7f_25426403.jpg",
      "categories": [
        "MRAŽENÉ POTRAVINY",
        "MRAŽENÁ PIZZA A HOTOVÁ JÍDLA"
      ],
      "prices": [
        {
          "store_name": "Albert",
          "price": 89.9,
          "original_price": null,
          "unit_price": 219.27,
          "unit": "Kg",
          "package_size": "410 g",
          "condition": null
        }
      ],
      "description": null
    },
    {
      "name": "Rex Aromatherapy Orchid Color prací prášek",
      "brand": "Rex",
      "product_url": "https://wolt.com/cs/cze/prague/venue/albert-vinohradska/rex-aromatherapy-orchid-color-praci-prasek-itemid-64ca0b7cba162577de48a01b",
      "image_url": "https://imageproxy.wolt.com/menu/menu-images/64ffec4406cca0140dfab831/7552d736-92e3-11ee-bba5-fe96c60804a3_25789560.jpg",
      "categories": [
        "DROGERIE A KOSMETIKA",
        "PRACÍ PROSTŘEDKY"
      ],
      "prices": [
        {
          "store_name": "Albert",
          "price": 199.0,
          "original_price": null,
          "unit_price": 4.42,
          "unit": "ks",
          "package_size": "‪45‬ kusů",
          "condition": null
        }
      ],
      "description": null
    },
    {
      "name": "Albert Smetana na vaření 12%",
      "brand": "Albert",
      "product_url": "https://wolt.com/cs/cze/prague/venue/albert-vinohradska/albert-smetana-na-vareni-12-itemid-64ca0b7cba162577de4882c1",
      "image_url": "https://imageproxy.wolt.com/menu/menu-images/64ffec4406cca0140dfab831/881a3dd6-8ec0-11ee-9314-723b124ceb50_27182628.jpg",
      "categories": [
        "MLÉČNÉ A CHLAZENÉ",
        "SMETANY A ŠLEHAČKY"
      ],
      "prices": [
        {
          "store_name": "Albert",
          "price": 39.9,
          "original_price": null,
          "unit_price": 79.8,
          "unit": "l",
          "package_size": "500 ml",
          "condition": null
        }
      ],
      "description": null
    },
    {
      "name": "TopNatur Kokosová tyčinka s příchutí maliny",
      "brand": "TopNatur",
      "product_url": "https://wolt.com/cs/cze/prague/venue/albert-vinohradska/topnatur-kokosova-tycinka-s-prichuti-maliny-itemid-657233256818b938df9478ae",
      "image_url": "https://imageproxy.wolt.com/menu/menu-images/64ffec4406cca0140dfab831/af2ae9b6-8ec5-11ee-8b39-a2846f3734b2_27569214.jpg",
      "categories": [
        "TRVANLIVÉ",
        "SLADKOSTI"
      ],
      "prices": [
        {
          "store_name": "Albert",
          "price": null,
          "original_price": null,
          "unit_price": 547.5,
          "unit": "Kg",
          "package_size": "40 g",
          "condition": "Sleva"
        }
      ],
      "description": null
    },
    {
      "name": "Albert Bulgur pšeničný",
      "brand": "Albert",
      "product_url": "https://wolt.com/cs/cze/prague/venue/albert-vinohradska/albert-bulgur-psenicny-itemid-64ca0b7cba162577de488687",
      "image_url": "https://imageproxy.wolt.com/menu/menu-images/64ffec4406cca0140dfab831/22a690c0-8ec1-11ee-b4a9-6aec994b6205_27219362.jpg",
      "categories": [
        "TRVANLIVÉ",
        "RÝŽE A LUŠTENINY"
      ],
      "prices": [
        {
          "store_name": "Albert",
          "price": 33.9,
          "original_price": null,
          "unit_price": 67.8,
          "unit": "Kg",
          "package_size": "500 g",
          "condition": null
        }
      ],
      "description": null
    },
    {
      "name": "Pedro Kyselí červi",
      "brand": "Pedro",
      "product_url": "https://wolt.com/cs/cze/prague/venue/albert-vinohradska/pedro-kyseli-cervi-itemid-64ca0b7cba162577de489556",
      "image_url": "https://imageproxy.wolt.com/menu/menu-images/63ad795db242366d1f818f36/ad2a69ac-c92e-11f0-a92f-e6fd6f80ae22_27359280.jpg",
      "categories": [
        "TRVANLIVÉ",
        "SLADKOSTI"
      ],
      "prices": [
        {
          "store_name": "Albert",
          "price": 23.9,
          "original_price": null,
          "unit_price": 298.75,
          "unit": "Kg",
          "package_size": "80 g",
          "condition": null
        }
      ],
      "description": null
    },
    {
      "name": "Albert Celer řapíkatý zelený",
      "brand": "Albert",
      "product_url": "https://wolt.com/cs/cze/prague/venue/albert-vinohradska/albert-celer-rapikaty-zeleny-itemid-64ca0b7cba162577de48821d",
      "image_url": "https://imageproxy.wolt.com/menu/menu-images/64ffec4406cca0140dfab831/fa500a3e-8eac-11ee-bd4d-fe16b6783abc_20444006.jpg",
      "categories": [
        "OVOCE A ZELENINA",
        "ZELENINA"
      ],
      "prices": [
        {
          "store_name": "Albert",
          "price": null,
          "original_price": null,
          "unit_price": 29.9,
          "unit": "ks",
          "package_size": "‪1‬ kus",
          "condition": "Sleva"
        }
      ],
      "description": null
    },
    {
      "name": "Mlékárna Kunín Pohár s jahodovou příchutí",
      "brand": "Mlékárna Kunín",
      "product_url": "https://wolt.com/cs/cze/prague/venue/albert-vinohradska/mlekarna-kunin-pohar-sjahodovou-prichuti-itemid-657233256818b938df94864c",
      "image_url": "https://imageproxy.wolt.com/menu/menu-images/64ffec4406cca0140dfab831/57b0d034-8eb0-11ee-9612-2a789dffa3ae_23740594.jpg",
      "categories": [
        "MLÉČNÉ A CHLAZENÉ",
        "JOGURTY A DEZERTY"
      ],
      "prices": [
        {
          "store_name": "Albert",
          "price": 20.9,
          "original_price": null,
          "unit_price": 139.33,
          "unit": "Kg",
          "package_size": "150 g",
          "condition": null
        }
      ],
      "description": null
    },
    {
      "name": "A.W. Olomoucké tvarůžky kousky s kmínem",
      "brand": "A.W",
      "product_url": "https://wolt.com/cs/cze/prague/venue/albert-vinohradska/a-w-olomoucke-tvaruzky-kousky-s-kminem-itemid-64ca0b7cba162577de48955f",
      "image_url": "https://imageproxy.wolt.com/menu/menu-images/64ffec4406cca0140dfab831/e6e962da-8eaf-11ee-bf98-6294619ebc29_23572546.jpg",
      "categories": [
        "MLÉČNÉ A CHLAZENÉ",
        "SÝRY"
      ],
      "prices": [
        {
          "store_name": "Albert",
          "price": 49.9,
          "original_price": null,
          "unit_price": 399.2,
          "unit": "Kg",
          "package_size": "125 g",
          "condition": "Vyprodáno"
        }
      ],
      "description": null
    },
    {
      "name": "Krušovice 10° Královský originál výčepní",
      "brand": "Krušovice",
      "product_url": "https://wolt.com/cs/cze/prague/venue/albert-vinohradska/krusovice-10-kralovsky-original-vycepni-itemid-64ca0b7cba162577de489049",
      "image_url": "https://imageproxy.wolt.com/menu/menu-images/64ffec4406cca0140dfab831/7fedadd2-8ebb-11ee-af6e-b6ff72c7a500_26776576.jpg",
      "categories": [
        "NÁPOJE",
        "PIVA"
      ],
      "prices": [
        {
          "store_name": "Albert",
          "price": 21.9,
          "original_price": null,
          "unit_price": 43.8,
          "unit": "l",
          "package_size": "500 ml, 4,2% alc",
          "condition": "18+"
        }
      ],
      "description": null
    },
    {
      "name": "Lovepet Kapsa pro kočky s hovězím a drůbežím",
      "brand": "Lovepet",
      "product_url": "https://wolt.com/cs/cze/prague/venue/albert-vinohradska/lovepet-kapsa-pro-kocky-s-hovezim-a-drubezim-itemid-64ca0b7cba162577de488ac1",
      "image_url": "https://imageproxy.wolt.com/menu/menu-images/64ffec4406cca0140dfab831/0cd3e9c6-8eb9-11ee-9147-22a8008f3216_26362489.jpg",
      "categories": [
        "ZVÍŘATA",
        "KOČKY"
      ],
      "prices": [
        {
          "store_name": "Albert",
          "price": 33.9,
          "original_price": null,
          "unit_price": 84.75,
          "unit": "Kg",
          "package_size": "400 g",
          "condition": null
        }
      ],
      "description": null
    },
    {
      "name": "Gillette Classic Sensitive pěna na holení",
      "brand": "Gillette",
      "product_url": "https://wolt.com/cs/cze/prague/venue/albert-vinohradska/gillette-classic-sensitive-pena-na-holeni-itemid-64ca0b7cba162577de488e7f",
      "image_url": "https://imageproxy.wolt.com/menu/menu-images/64ffec4406cca0140dfab831/68fc0370-8ead-11ee-8a04-c231a3feaf11_20773625.jpg",
      "categories": [
        "DROGERIE A KOSMETIKA",
        "HOLENÍ A DEPILACE"
      ],
      "prices": [
        {
          "store_name": "Albert",
          "price": 74.9,
          "original_price": null,
          "unit_price": 374.5,
          "unit": "l",
          "package_size": "200 ml",
          "condition": null
        }
      ],
      "description": null
    },
    {
      "name": "Albert Salát Vivace mix",
      "brand": "Albert",
      "product_url": "https://wolt.com/cs/cze/prague/venue/albert-vinohradska/albert-salat-vivace-mix-itemid-657233256818b938df947a3b",
      "image_url": "https://imageproxy.wolt.com/menu/menu-images/64ffec4406cca0140dfab831/1e9b712e-8ebe-11ee-84f3-b29f7f1f7f8d_26991931.jpg",
      "categories": [
        "OVOCE A ZELENINA",
        "ZELENINA"
      ],
      "prices": [
        {
          "store_name": "Albert",
          "price": 36.9,
          "original_price": null,
          "unit_price": 205.0,
          "unit": "Kg",
          "package_size": "180 g",
          "condition": null
        }
      ],
      "description": null
    },
    {
      "name": "Bonavita Active Křehké rohlíčky extra celozrnné",
      "brand": "Bonavita",
      "product_url": "https://wolt.com/cs/cze/prague/venue/albert-vinohradska/bonavita-active-krehke-rohlicky-extra-celozrnne-itemid-660218393dbf95b91fbced65",
      "image_url": "https://imageproxy.wolt.com/menu/menu-images/6601c613e48d1c8d95333085/3461a31c-eae3-11ee-bc58-a2d2daf8a7c4_26626437.jpg",
      "categories": [
        "PEKÁRNA A CUKRÁRNA",
        "RACIO A KNÄCKEBROT"
      ],
      "prices": [
        {
          "store_name": "Albert",
          "price": 54.9,
          "original_price": null,
          "unit_price": 219.6,
          "unit": "Kg",
          "package_size": "250 g",
          "condition": null
        }
      ],
      "description": null
    },
    {
      "name": "Canti Chardonnay",
      "brand": "Canti",
      "product_url": "https://wolt.com/cs/cze/prague/venue/albert-vinohradska/canti-chardonnay-itemid-64ca0b7cba162577de488fc9",
      "image_url": "https://imageproxy.wolt.com/menu/menu-images/64ffec4406cca0140dfab831/7801a6ac-8eb9-11ee-917a-662d260bbeaa_26430287.jpg",
      "categories": [
        "NÁPOJE",
        "VÍNA"
      ],
      "prices": [
        {
          "store_name": "Albert",
          "price": null,
          "original_price": null,
          "unit_price": 93.2,
          "unit": "l",
          "package_size": "750 ml, 11,5% alc",
          "condition": "Sleva, 18+"
        }
      ],
      "description": null
    },
    {
      "name": "Relax 100% rajče",
      "brand": "Relax",
      "product_url": "https://wolt.com/cs/cze/prague/venue/albert-vinohradska/relax-100-rajce-itemid-64ca0b7cba162577de4895bd",
      "image_url": "https://imageproxy.wolt.com/menu/menu-images/64ffec4406cca0140dfab831/00b15d50-8eae-11ee-8437-76e61dd676ec_21558122.jpg",
      "categories": [
        "NÁPOJE",
        "DŽUSY A NEKTARY"
      ],
      "prices": [
        {
          "store_name": "Albert",
          "price": 29.9,
          "original_price": null,
          "unit_price": 29.9,
          "unit": "l",
          "package_size": "1 l",
          "condition": null
        }
      ],
      "description": null
    },
    {
      "name": "Emma Rozinky Jumbo Thomson",
      "brand": "Emma",
      "product_url": "https://wolt.com/cs/cze/prague/venue/albert-vinohradska/emma-rozinky-jumbo-thomson-itemid-64ca0b7cba162577de489424",
      "image_url": "https://imageproxy.wolt.com/menu/menu-images/63ad795db242366d1f818f36/de6fb942-d995-11ef-a731-06b7fb118bc1_23714243.jpg",
      "categories": [
        "OVOCE A ZELENINA",
        "SUCHÉ PLODY"
      ],
      "prices": [
        {
          "store_name": "Albert",
          "price": null,
          "original_price": null,
          "unit_price": 134.5,
          "unit": "Kg",
          "package_size": "200 g",
          "condition": "Sleva"
        }
      ],
      "description": null
    },
    {
      "name": "Kitbis Bonbony červíci",
      "brand": "Kitbis",
      "product_url": "https://wolt.com/cs/cze/prague/venue/albert-vinohradska/kitbis-bonbony-cervici-itemid-64ca0b7cba162577de48947d",
      "image_url": "https://imageproxy.wolt.com/menu/menu-images/64ffec4406cca0140dfab831/846258e4-8eb2-11ee-806b-76d8d681f910_24790703.jpg",
      "categories": [
        "TRVANLIVÉ",
        "SLADKOSTI"
      ],
      "prices": [
        {
          "store_name": "Albert",
          "price": 14.9,
          "original_price": null,
          "unit_price": 149.0,
          "unit": "Kg",
          "package_size": "100 g",
          "condition": null
        }
      ],
      "description": null
    },
    {
      "name": "Albert Rozmarýn řezaný vanička",
      "brand": "Albert",
      "product_url": "https://wolt.com/cs/cze/prague/venue/albert-vinohradska/albert-rozmaryn-rezany-vanicka-itemid-64ca0b7cba162577de488799",
      "image_url": "https://imageproxy.wolt.com/menu/menu-images/64ffec4406cca0140dfab831/556ee2ac-8eb5-11ee-bfcc-eadf6ce36c9d_25537000.jpg",
      "categories": [
        "OVOCE A ZELENINA",
        "BYLINKY A KOŘENÍ"
      ],
      "prices": [
        {
          "store_name": "Albert",
          "price": 29.9,
          "original_price": null,
          "unit_price": 1495.0,
          "unit": "Kg",
          "package_size": "20 g",
          "condition": null
        }
      ],
      "description": null
    },
    {
      "name": "Olma Tradiční Pomazánkové pažitka",
      "brand": "Olma",
      "product_url": "https://wolt.com/cs/cze/prague/venue/albert-vinohradska/olma-tradicni-pomazankove-pazitka-itemid-657233256818b938df947b4f",
      "image_url": "https://imageproxy.wolt.com/menu/menu-images/63ad795db242366d1f818f36/91555402-cca1-11ee-8f7b-d6476e37f1a4_27749852.jpg",
      "categories": [
        "MLÉČNÉ A CHLAZENÉ",
        "MÁSLO A TUKY"
      ],
      "prices": [
        {
          "store_name": "Albert",
          "price": 39.9,
          "original_price": null,
          "unit_price": 266.0,
          "unit": "Kg",
          "package_size": "150 g",
          "condition": null
        }
      ],
      "description": null
    },
    {
      "name": "Emma GoNuts Kešu natural",
      "brand": "Emma",
      "product_url": "https://wolt.com/cs/cze/prague/venue/albert-vinohradska/emma-gonuts-kesu-natural-itemid-657233256818b938df948cc3",
      "image_url": "https://imageproxy.wolt.com/menu/menu-images/63ad795db242366d1f818f36/f6ad3a20-4804-11ef-9eba-8a886fb0472d_27444757.jpg",
      "categories": [
        "OVOCE A ZELENINA",
        "SUCHÉ PLODY"
      ],
      "prices": [
        {
          "store_name": "Albert",
          "price": 28.9,
          "original_price": null,
          "unit_price": 412.86,
          "unit": "Kg",
          "package_size": "70 g",
          "condition": null
        }
      ],
      "description": null
    },
    {
      "name": "Absolut Vodka 40%",
      "brand": "Absolut",
      "product_url": "https://wolt.com/cs/cze/prague/venue/albert-vinohradska/absolut-vodka-40-itemid-64ca0b7cba162577de48973f",
      "image_url": "https://imageproxy.wolt.com/menu/menu-images/64ffec4406cca0140dfab831/94b4f194-8eac-11ee-a603-9efff91d0ab5_20315498.jpg",
      "categories": [
        "NÁPOJE",
        "LIHOVINY"
      ],
      "prices": [
        {
          "store_name": "Albert",
          "price": 489.0,
          "original_price": null,
          "unit_price": 698.57,
          "unit": "l",
          "package_size": "700 ml, 40% alc",
          "condition": "18+"
        }
      ],
      "description": null
    },
    {
      "name": "Jupík Sport Aqua Lesní ovoce",
      "brand": "Jupík",
      "product_url": "https://wolt.com/cs/cze/prague/venue/albert-vinohradska/jupik-sport-aqua-lesni-ovoce-itemid-6601e1d197c13ebd601ef4a6",
      "image_url": "https://imageproxy.wolt.com/menu/menu-images/6601c613e48d1c8d95333085/5acaa5bc-eae3-11ee-add0-7665db5c1061_26775142.jpg",
      "categories": [
        "NÁPOJE",
        "DŽUSY A NEKTARY"
      ],
      "prices": [
        {
          "store_name": "Albert",
          "price": 21.9,
          "original_price": null,
          "unit_price": 43.8,
          "unit": "l",
          "package_size": "500 ml",
          "condition": null
        }
      ],
      "description": null
    },
    {
      "name": "Losos Filety ze sledě v tomatové omáčce",
      "brand": "Losos",
      "product_url": "https://wolt.com/cs/cze/prague/venue/albert-vinohradska/losos-filety-ze-slede-v-tomatove-omacce-itemid-657233256818b938df947c11",
      "image_url": "https://imageproxy.wolt.com/menu/menu-images/64ffec4406cca0140dfab831/2e760838-8eb0-11ee-9d80-4ac825cfc539_23699731.jpg",
      "categories": [
        "TRVANLIVÉ",
        "KONZERVOVANÉ POTR."
      ],
      "prices": [
        {
          "store_name": "Albert",
          "price": 44.9,
          "original_price": null,
          "unit_price": 510.23,
          "unit": "Kg",
          "package_size": "88 g",
          "condition": null
        }
      ],
      "description": null
    },
    {
      "name": "Opavia Zlaté Oplatky s čokoládovou náplní",
      "brand": "Opavia",
      "product_url": "https://wolt.com/cs/cze/prague/venue/albert-vinohradska/opavia-zlate-oplatky-s-cokoladovou-naplni-itemid-64ca0b7cba162577de488ff2",
      "image_url": "https://imageproxy.wolt.com/menu/menu-images/63ad795db242366d1f818f36/cded54be-5efa-11ef-8f01-ae1c75ea8fb3_22169594.jpg",
      "categories": [
        "TRVANLIVÉ",
        "SLADKOSTI"
      ],
      "prices": [
        {
          "store_name": "Albert",
          "price": 35.9,
          "original_price": null,
          "unit_price": 245.89,
          "unit": "Kg",
          "package_size": "146 g",
          "condition": null
        }
      ],
      "description": null
    },
    {
      "name": "Lovepet Kapsa pro kočky, hovězí v omáčce",
      "brand": "Lovepet",
      "product_url": "https://wolt.com/cs/cze/prague/venue/albert-vinohradska/lovepet-kapsa-pro-kocky-hovezi-v-omacce-itemid-64ca0b7cba162577de48a26f",
      "image_url": "https://imageproxy.wolt.com/menu/menu-images/63ad795db242366d1f818f36/3a6451c0-7826-11f0-ab2f-76a2453df904_26444321.jpg",
      "categories": [
        "ZVÍŘATA",
        "KOČKY"
      ],
      "prices": [
        {
          "store_name": "Albert",
          "price": 10.9,
          "original_price": null,
          "unit_price": 109.0,
          "unit": "Kg",
          "package_size": "100 g",
          "condition": null
        }
      ],
      "description": null
    },
    {
      "name": "Cafiss. crema fine aroma  10ks",
      "brand": "Cafiss",
      "product_url": "https://wolt.com/cs/cze/prague/venue/albert-vinohradska/cafiss-crema-fine-aroma-10ks-itemid-64ca0b7cba162577de489de1",
      "image_url": "https://imageproxy.wolt.com/menu/menu-images/63ad795db242366d1f818f36/76d40644-97c2-11f0-8f77-2696069c9527_25048322.jpg",
      "categories": [
        "NÁPOJE",
        "KÁVA A ČAJ"
      ],
      "prices": [
        {
          "store_name": "Albert",
          "price": 129.9,
          "original_price": null,
          "unit_price": 12.99,
          "unit": "ks",
          "package_size": "‪10‬ kusů",
          "condition": null
        }
      ],
      "description": null
    },
    {
      "name": "Albert Fazole malé bílé",
      "brand": "Albert",
      "product_url": "https://wolt.com/cs/cze/prague/venue/albert-vinohradska/albert-fazole-male-bile-itemid-64ca0b7cba162577de489673",
      "image_url": "https://imageproxy.wolt.com/menu/menu-images/64ffec4406cca0140dfab831/282f179c-8ec1-11ee-9147-261fd742ff1a_27219454.jpg",
      "categories": [
        "TRVANLIVÉ",
        "RÝŽE A VAŘENÍ"
      ],
      "prices": [
        {
          "store_name": "Albert",
          "price": 34.9,
          "original_price": null,
          "unit_price": 69.8,
          "unit": "Kg",
          "package_size": "500 g",
          "condition": null
        }
      ],
      "description": null
    },
    {
      "name": "Prosecco Spago",
      "brand": "Prosecco",
      "product_url": "https://wolt.com/cs/cze/prague/venue/albert-vinohradska/prosecco-spago-itemid-657233256818b938df948135",
      "image_url": "https://imageproxy.wolt.com/menu/menu-images/64ffec4406cca0140dfab831/50c24968-8eb7-11ee-89c0-c6aa6b123400_25923711.jpg",
      "categories": [
        "NÁPOJE",
        "VÍNA"
      ],
      "prices": [
        {
          "store_name": "Albert",
          "price": 199.0,
          "original_price": null,
          "unit_price": 265.33,
          "unit": "l",
          "package_size": "750 ml, 10,5% alc",
          "condition": "18+"
        }
      ],
      "description": null
    },
    {
      "name": "Nature's Promise Bio Pomazánka rajčata bazalka",
      "brand": "Nature's Promise",
      "product_url": "https://wolt.com/cs/cze/prague/venue/albert-vinohradska/nature-s-promise-bio-pomazanka-rajcata-bazalka-itemid-651c879a97d84e33980c4328",
      "image_url": "https://imageproxy.wolt.com/menu/menu-images/64ffec4406cca0140dfab831/9038ef56-8ec7-11ee-83e4-1601976705be_27664742.jpg",
      "categories": [
        "UZENINY A LAHŮDKY",
        "SALÁTY A POMAZÁNKY"
      ],
      "prices": [
        {
          "store_name": "Albert",
          "price": null,
          "original_price": null,
          "unit_price": 157.02,
          "unit": "Kg",
          "package_size": "235 g",
          "condition": "Sleva"
        }
      ],
      "description": null
    },
    {
      "name": "Albert Křen mletý",
      "brand": "Albert",
      "product_url": "https://wolt.com/cs/cze/prague/venue/albert-vinohradska/albert-kren-mlety-itemid-64ca0b7cba162577de488c5d",
      "image_url": "https://imageproxy.wolt.com/menu/menu-images/64ffec4406cca0140dfab831/c3d0f9a4-8ec1-11ee-8ea0-2e546726778e_27259078.jpg",
      "categories": [
        "TRVANLIVÉ",
        "KEČUPY A HOŘČICE"
      ],
      "prices": [
        {
          "store_name": "Albert",
          "price": 24.9,
          "original_price": null,
          "unit_price": 155.63,
          "unit": "Kg",
          "package_size": "160 g",
          "condition": null
        }
      ],
      "description": null
    },
    {
      "name": "Nature's Promise Bio Džem výběrový lesní ovoce",
      "brand": "Nature's Promise",
      "product_url": "https://wolt.com/cs/cze/prague/venue/albert-vinohradska/nature-s-promise-bio-dzem-vyberovy-lesni-ovoce-itemid-64ca0b7cba162577de48a62d",
      "image_url": "https://imageproxy.wolt.com/menu/menu-images/63ad795db242366d1f818f36/73f49c9e-66af-11ef-97bb-3a4a905a7d5a_27731413.jpg",
      "categories": [
        "TRVANLIVÉ",
        "MEDY A SL. POMAZÁNKY"
      ],
      "prices": [
        {
          "store_name": "Albert",
          "price": null,
          "original_price": null,
          "unit_price": 166.3,
          "unit": "Kg",
          "package_size": "270 g",
          "condition": "Sleva"
        }
      ],
      "description": null
    },
    {
      "name": "Whiskas Drůbeží výběr v želé kapsička",
      "brand": "Whiskas",
      "product_url": "https://wolt.com/cs/cze/prague/venue/albert-vinohradska/whiskas-drubezi-vyber-v-zele-kapsicka-itemid-64ca0b7cba162577de48a3c1",
      "image_url": "https://imageproxy.wolt.com/menu/menu-images/64ffec4406cca0140dfab831/d413dd7a-8ec8-11ee-a9f7-129c0471ef91_27730539.jpg",
      "categories": [
        "ZVÍŘATA",
        "KOČKY"
      ],
      "prices": [
        {
          "store_name": "Albert",
          "price": 189.0,
          "original_price": null,
          "unit_price": 185.29,
          "unit": "Kg",
          "package_size": "1,02 kg",
          "condition": null
        }
      ],
      "description": null
    },
    {
      "name": "Olma Florian jogurt s kousky ovoce malina",
      "brand": "Olma",
      "product_url": "https://wolt.com/cs/cze/prague/venue/albert-vinohradska/olma-florian-jogurt-s-kousky-ovoce-malina-itemid-64ca0b7cba162577de489127",
      "image_url": "https://imageproxy.wolt.com/menu/menu-images/64ffec4406cca0140dfab831/835ca8c2-8eb3-11ee-88f9-02d10f7fce64_25057225.jpg",
      "categories": [
        "MLÉČNÉ A CHLAZENÉ",
        "JOGURTY A DEZERTY"
      ],
      "prices": [
        {
          "store_name": "Albert",
          "price": 15.9,
          "original_price": null,
          "unit_price": 106.0,
          "unit": "Kg",
          "package_size": "150 g",
          "condition": null
        }
      ],
      "description": null
    },
    {
      "name": "Lagris Rýže natural",
      "brand": "Lagris",
      "product_url": "https://wolt.com/cs/cze/prague/venue/albert-vinohradska/lagris-ryze-natural-itemid-64ca0b7cba162577de48907d",
      "image_url": "https://imageproxy.wolt.com/menu/menu-images/64ffec4406cca0140dfab831/769748f0-8ead-11ee-9851-3e3f8d1903a2_20784409.jpg",
      "categories": [
        "TRVANLIVÉ",
        "RÝŽE A LUŠTENINY"
      ],
      "prices": [
        {
          "store_name": "Albert",
          "price": 39.9,
          "original_price": null,
          "unit_price": 79.8,
          "unit": "Kg",
          "package_size": "500 g",
          "condition": null
        }
      ],
      "description": null
    }
  ],
  "metadata": {
    "total_products": 5125,
    "generated_at": "2026-01-17T15:20:15.980850",
    "stores": {
      "Albert": 5125
    },
    "categories": {
      "BATERIE": 2,
      "BEZLEPKOVÉ PEČIVO": 11,
      "BYLINKY A KOŘENÍ": 6,
      "CHLÉB BALENÝ": 25,
      "CHLÉB VOLNÝ": 7,
      "CIDERY": 6,
      "CIGARETY": 21,
      "DEKORACE": 2,
      "DEODORANTY": 38,
      "DOMÁCNOST A ZAHRADA": 98,
      "DROGERIE A KOSMETIKA": 488,
      "DRŮBEŽ": 33,
      "DÁMSKÉ HYG. POTŘEBY": 42,
      "DÍTĚ": 150,
      "DĚTSKÁ KOSMETIKA": 7,
      "DŮM A BYT": 5,
      "DŽUSY A NEKTARY": 134,
      "ENERGY NÁPOJE": 31,
      "HOLENÍ A DEPILACE": 17,
      "HOTOVKY A PŘÍLOHY": 64,
      "HOTOVÉ SALÁTY": 4,
      "HOUBY": 5,
      "HOVĚZÍ A TELECÍ": 18,
      "HRANOLKY": 8,
      "INSTANTNÍ NÁPOJE": 1,
      "INSTANTNÍ POKRMY": 44,
      "JEDNORÁZOVÉ NÁDOBÍ": 5,
      "JOGURTY A DEZERTY": 250,
      "KEČUPY A HOŘČICE": 61,
      "KONZERVOVANÉ POTR.": 221,
      "KOČKY": 93,
      "KOŘENÍ A OCHUCOVADLA": 121,
      "KUCHYŇSKÉ POTŘEBY": 26,
      "KÁVA A ČAJ": 235,
      "LAHŮDKY": 12,
      "LIHOVINY": 129,
      "LIMONÁDY": 100,
      "MAJONÉZY A TATARKY": 28,
      "MALÁ ZVÍŘATA": 3,
      "MASO A RYBY": 83,
      "MEDY A SL. POMAZÁNKY": 32,
      "MEZINÁRODNÍ KUCHYNĚ": 32,
      "MLETÉ MASO": 3,
      "MLÉČNÉ A CHLAZENÉ": 832,
      "MLÉČNÉ NÁPOJE": 105,
      "MRAŽENÁ PIZZA A HOTOVÁ JÍDLA": 27,
      "MRAŽENÉ OVOCE A ZELENINA": 23,
      "MRAŽENÉ POTRAVINY": 127,
      "MYTÍ NÁDOBÍ": 19,
      "MÁSLO A TUKY": 61,
      "MÜSLI A CEREÁLIE": 138,
      "MÝDLA A GELY": 83,
      "NÁPOJE": 1055,
      "OLEJE A OCTY": 35,
      "OSVĚŽOVAČE VZDUCHU": 3,
      "OVOCE": 27,
      "OVOCE A ZELENINA": 217,
      "PAPÍROVÁ HYGIENA": 39,
      "PAŠTIKY": 12,
      "PEKÁRNA A CUKRÁRNA": 161,
      "PEČENÍ A VAŘENÍ": 172,
      "PIVA": 98,
      "PLENY A PODLOŽKY": 27,
      "PRACÍ PROSTŘEDKY": 33,
      "PRO INTIMNÍ CHVÍLE": 5,
      "PSI": 56,
      "PTACTVO": 1,
      "PÁNSKÁ KOSMETIKA": 5,
      "PÁRKY A KLOBÁSY": 31,
      "PÉČE O PLEŤ": 28,
      "PÉČE O TĚLO": 5,
      "PÉČE O VLASY": 71,
      "RACIO A KNÄCKEBROT": 30,
      "ROSTLINNÉ PRODUKTY": 53,
      "RYBY": 4,
      "RYBÍ SPECIALITY": 18,
      "RÝŽE A LUŠTENINY": 28,
      "RÝŽE A VAŘENÍ": 30,
      "SALÁMY": 31,
      "SALÁTY A POMAZÁNKY": 45,
      "SIRUPY A KONCENTRÁTY": 34,
      "SLADKOSTI": 345,
      "SLADKÉ PEČIVO BALENÉ": 47,
      "SLADKÉ PEČIVO VOLNÉ": 15,
      "SLANÉ": 113,
      "SLANÉ PEČIVO BALENÉ": 7,
      "SLANÉ PEČIVO VOLNÉ": 16,
      "SMETANY A ŠLEHAČKY": 35,
      "SPECIÁLNÍ": 28,
      "STROUHANKA": 3,
      "SUCHÉ PLODY": 92,
      "SVÍČKY": 5,
      "SÝRY": 276,
      "TAPAS": 43,
      "TRVANLIVÉ": 1472,
      "TVAROHY": 18,
      "TĚSTOVINY A KUSKUS": 72,
      "UZENINY A LAHŮDKY": 290,
      "VEJCE A DROŽDÍ": 6,
      "VEPŘOVÉ": 25,
      "VLHČENÉ UBROUSKY": 6,
      "VODY A MINERÁLKY": 80,
      "VÍNA": 207,
      "VÝŽIVA": 110,
      "ZDRAVÍ": 7,
      "ZELENINA": 83,
      "ZMRZLINA A NANUKY": 69,
      "ZVÍŘATA": 152,
      "ÚKLIDOVÉ POTŘEBY": 28,
      "ÚSTNÍ HYGIENA": 60,
      "ČISTÍCÍ PROSTŘEDKY": 36,
      "ŠUNKY A SLANINY": 34
    },
    "brands": {
      "3Bit": 2,
      "4Move": 2,
      "4SLIM": 2,
      "4Slim": 2,
      "7Days": 11,
      "A.T. International": 1,
      "A.W": 2,
      "AXE": 1,
      "Absolut": 1,
      "Acidofilní": 1,
      "Actimel": 5,
      "Activia": 12,
      "Adidas": 1,
      "Adriana": 10,
      "Adventuros": 1,
      "Ady": 2,
      "Agrola": 3,
      "Ahmad": 11,
      "Akinu": 4,
      "Albert": 491,
      "Albert Excellent": 106,
      "Algida": 3,
      "Alibona": 1,
      "Aloe": 2,
      "Alpa": 2,
      "Alpro": 25,
      "Alto": 1,
      "Always": 10,
      "Alwyas": 1,
      "Ambi": 2,
      "Amia": 1,
      "Amundsen": 3,
      "Amylon": 2,
      "Anglický": 1,
      "Antica": 3,
      "Anticol": 1,
      "Aperol": 2,
      "Apetito": 5,
      "Aquila": 5,
      "Arax": 2,
      "Arašídy": 2,
      "Argola": 1,
      "Ariel": 4,
      "Arizona": 1,
      "Arrashid": 1,
      "Artemis": 1,
      "Artesie": 15,
      "Asconi": 2,
      "Asia": 2,
      "Astrid": 6,
      "Athentikos": 1,
      "Austria": 2,
      "Avanti": 4,
      "Avelopa": 7,
      "Aviko": 1,
      "Aviril": 2,
      "Avokádo": 4,
      "Axe": 3,
      "B&G": 2,
      "BASK": 1,
      "BRI": 1,
      "Babiččina": 3,
      "Babiččiny": 2,
      "Babybel": 1,
      "Babycute": 3,
      "Bacardi": 1,
      "Bacchini": 1,
      "Bad Reichenhaller": 3,
      "Baileys": 2,
      "Ballantine's": 1,
      "Ballarini": 1,
      "Bambino": 2,
      "Banány": 1,
      "Barilla": 5,
      "Barnängen": 1,
      "Bartonik": 1,
      "Batiste": 1,
      "Batáty": 1,
      "Bear Beer": 2,
      "Becherovka": 5,
      "Beefeater": 6,
      "Bel": 1,
      "Bella": 2,
      "Ben": 2,
      "Ben & Jerry's": 6,
      "Bepanthen": 1,
      "Bersi": 1,
      "Bertold": 3,
      "Big": 6,
      "Biogena": 3,
      "Biolinie": 1,
      "Biolit": 2,
      "Biosaurus": 3,
      "Birell": 11,
      "Birgo": 4,
      "Bitters": 2,
      "Blaník": 1,
      "Blend": 3,
      "Blend-a-dent": 1,
      "Body&Future": 2,
      "Bogutti": 1,
      "Bohemia": 29,
      "Bohemilk": 9,
      "Bohušovická": 2,
      "Bombus": 4,
      "Bon": 5,
      "Bona": 1,
      "Bonavita": 13,
      "Bonduelle": 14,
      "Boneco": 8,
      "Bonitas": 4,
      "Bordeaux": 1,
      "Borges": 3,
      "Borotalco": 2,
      "Bounty": 2,
      "Božkov": 15,
      "Braník": 3,
      "Bref": 12,
      "Brise de France": 3,
      "Brit": 8,
      "Brynmor": 3,
      "Budweiser": 3,
      "Bumbu": 1,
      "Butterfly": 2,
      "Bystřická": 1,
      "Bzenecký": 4,
      "Bílý": 1,
      "Březňák": 2,
      "Caffe": 2,
      "Caffè": 2,
      "Cafiss": 3,
      "Cafissimo": 1,
      "Calippo": 1,
      "Calvo": 1,
      "Camel": 1,
      "Campari": 1,
      "Canti": 7,
      "Cantine": 1,
      "Cappy": 5,
      "Capri-Sun": 5,
      "Caprio": 5,
      "Captain": 1,
      "Captain Morgan": 4,
      "Care": 1,
      "Caribia": 1,
      "Carla": 4,
      "Caro": 1,
      "Carte": 15,
      "Casato": 1,
      "Cassonade": 5,
      "Cavatina": 1,
      "Cavit Prosecco": 1,
      "Celihope": 2,
      "Celita": 2,
      "Cellarium": 2,
      "Ceres": 1,
      "Champagne": 1,
      "Chateau": 1,
      "Cheddar": 1,
      "Chesterfield": 1,
      "Chilly": 3,
      "Chimpanzee": 1,
      "Chio": 5,
      "Chipicao": 1,
      "Chléb": 6,
      "Choceňské": 4,
      "Choceňský": 5,
      "Chocoland": 1,
      "Chupa": 3,
      "Château": 5,
      "Cibule": 2,
      "Cibulový": 1,
      "Cielo": 4,
      "Cif": 2,
      "Cinzano": 1,
      "Cirio": 2,
      "Clearwater": 1,
      "Clin": 1,
      "Coca-Cola": 12,
      "Coccolino": 3,
      "Coffizz": 2,
      "Colgate": 9,
      "Cool": 3,
      "Corega": 2,
      "Corny": 6,
      "Corona": 1,
      "Coté": 1,
      "Country": 5,
      "Crispy": 3,
      "Croco": 1,
      "Créme": 1,
      "Cuketa": 1,
      "Cute Baby": 9,
      "DZ": 1,
      "DZH": 1,
      "Dalamánek": 1,
      "Darbo": 4,
      "Datle": 1,
      "Davidoff": 7,
      "Day Up": 5,
      "Dekos": 5,
      "Delafaille": 1,
      "Delicata": 9,
      "Delika": 1,
      "Delta": 1,
      "Dermacol": 3,
      "Desperados": 2,
      "Dettol": 1,
      "Diabeta": 2,
      "Dialine": 1,
      "Dibeta": 2,
      "Discreet": 3,
      "Dixi": 2,
      "Dobrá": 7,
      "Dodoni": 2,
      "Domestos": 4,
      "Don": 4,
      "Donut": 4,
      "Doritos": 2,
      "Dortový": 1,
      "Douwe": 1,
      "Dove": 6,
      "Dr": 1,
      "Dr. Oetker": 67,
      "Dr.Oetker": 1,
      "DrWitt": 2,
      "Dream&Co": 11,
      "Dreamies": 3,
      "Druid": 2,
      "Dupetky": 2,
      "Durex": 1,
      "Dynybyl": 4,
      "Dýně": 2,
      "Eduscho": 4,
      "Efko": 14,
      "Ehrmann": 6,
      "El": 1,
      "Elegance": 4,
      "Elinas": 1,
      "Elmex": 9,
      "Elseve": 1,
      "Emco": 27,
      "Emma": 99,
      "Entremont": 1,
      "Essa": 2,
      "Ever-G": 1,
      "Evian": 1,
      "Excelent": 1,
      "Exotic": 6,
      "Extrudo": 5,
      "FINO LD": 2,
      "Fa": 16,
      "Fabio": 2,
      "Fan": 2,
      "Fanta": 5,
      "Fantasia": 4,
      "Fantasy": 2,
      "Faxe": 2,
      "Faz.v": 1,
      "Fazole": 1,
      "Feferonky": 1,
      "Felix": 15,
      "Fernet": 3,
      "Ferrero": 3,
      "Figaro": 6,
      "Fine": 5,
      "Fine Crunchy": 2,
      "Finish": 2,
      "Finlandia": 1,
      "Fino": 11,
      "First": 6,
      "Fit": 4,
      "Five": 1,
      "Flapjack": 1,
      "Flora": 4,
      "Francovka": 2,
      "Franz": 3,
      "Franz Josef Kaiser": 40,
      "Fredy": 1,
      "Fresh Bistro": 11,
      "Friskies": 4,
      "Frolic": 1,
      "FuzeTea": 6,
      "Galbani": 5,
      "Gambrinus": 3,
      "Garden Gourmet": 5,
      "Garnier": 11,
      "Gastro": 1,
      "Geisha": 3,
      "Gemerka": 2,
      "Gerber": 4,
      "Gervais": 9,
      "Ghíčko": 2,
      "Giana": 36,
      "Gillette": 12,
      "Giotti": 1,
      "Glade": 1,
      "Glenfiddich": 1,
      "Gliss": 5,
      "Glutaline": 1,
      "Gold": 1,
      "Golden Bay": 1,
      "Gordon's": 1,
      "Gordons": 1,
      "Gouda": 6,
      "Gourmet": 9,
      "Gran": 6,
      "Granini": 3,
      "Grants": 1,
      "Grapefruit": 1,
      "Grom": 6,
      "Guinness": 1,
      "Gusto": 1,
      "Gustona": 53,
      "HB": 1,
      "Habánské sklepy": 9,
      "Halloumi": 1,
      "Halls": 2,
      "Hami": 13,
      "Hamánek": 5,
      "Hamé": 30,
      "Hansplast": 1,
      "Hanácká": 3,
      "Hardys": 2,
      "Haribo": 5,
      "Harmony": 6,
      "Hartmann": 1,
      "Harvest": 2,
      "Havana": 1,
      "Havlík": 1,
      "Hašlerky": 5,
      "Head": 10,
      "HealthyCo": 4,
      "Heidrun": 1,
      "Heineken": 1,
      "Heinz": 7,
      "Hellmann's": 20,
      "Hello": 36,
      "Hennessy": 1,
      "Hera": 1,
      "Herbarium": 6,
      "HiPP": 11,
      "Hobby": 1,
      "Hochwald": 5,
      "Hoegaarden": 1,
      "Hoffmann": 1,
      "Hollandia": 10,
      "Home": 4,
      "Horal": 4,
      "Hovězí": 7,
      "Hraška": 1,
      "Hrušky": 1,
      "Hubba": 1,
      "Huhu": 2,
      "Hukvaldské": 1,
      "Il": 1,
      "Illy": 2,
      "Indiana": 1,
      "Indulona": 6,
      "Isabel": 2,
      "Italat": 3,
      "Iva": 1,
      "J.P": 1,
      "Jablečný": 1,
      "Jablka": 3,
      "Jack": 3,
      "Jack Daniel's": 6,
      "Jacobs": 9,
      "Jadel": 2,
      "Jameson": 2,
      "Jar": 10,
      "Jaroměřické": 1,
      "Jaroměřický": 3,
      "Jarošovská": 2,
      "Jarošovský": 2,
      "Jean": 3,
      "Jedlá": 1,
      "Jelen": 2,
      "Jelení": 2,
      "Jemča": 11,
      "Jihlavanka": 4,
      "Jihočeská Niva": 1,
      "Jim": 3,
      "Jizerské": 2,
      "Johnnie Walker": 1,
      "Josef": 1,
      "Jubilejná": 2,
      "Jupí": 7,
      "Jupík": 4,
      "Jägermeister": 2,
      "K2r": 1,
      "KK": 3,
      "Kachní": 2,
      "Kaiserka": 1,
      "Kand": 2,
      "Kapucín": 1,
      "Kapusta": 1,
      "Kasteel": 1,
      "Kedlubna": 1,
      "Kelímek": 1,
      "Kempy": 9,
      "Kinder": 19,
      "Kingson": 5,
      "Kinley": 2,
      "Kinzan": 1,
      "Kiri": 2,
      "KitKat": 5,
      "Kitbis": 28,
      "Kiwi": 1,
      "Kláštorná": 1,
      "Kmotr": 1,
      "Knedlík": 1,
      "Knoppers": 1,
      "Knorr": 9,
      "Kofola": 6,
      "Kolonáda": 1,
      "Kompek": 1,
      "Kornbageta": 1,
      "Korunní": 7,
      "Kostelecké": 11,
      "Kostka": 1,
      "Kostíci": 4,
      "Kotex": 5,
      "Kotányi": 12,
      "Krahulík": 3,
      "Krajanka": 2,
      "Kreolis": 3,
      "Krolewski": 1,
      "Krušovice": 6,
      "Král": 5,
      "Královská": 5,
      "Královské": 2,
      "Krásno": 3,
      "Kubík": 15,
      "Kucharek": 3,
      "Kukuřice": 1,
      "Kukuřičné": 1,
      "Kunín": 4,
      "Kuře": 1,
      "Kühne": 2,
      "L&M": 3,
      "L'Chefs": 1,
      "L'OR": 8,
      "L'Oréal": 11,
      "L'chefs": 1,
      "LD": 1,
      "LOréal": 1,
      "La": 6,
      "La Bohéma": 5,
      "La Bonta Italiana": 1,
      "La Vida Bio": 2,
      "Labeta": 4,
      "Lacalut": 1,
      "Lactacyd": 2,
      "Lactovit": 4,
      "Lagris": 8,
      "Land-Leben": 2,
      "Laura": 1,
      "Lavazza": 7,
      "Lay's": 13,
      "Le & Co": 7,
      "Le Coq": 5,
      "Leerdammer": 5,
      "Leffe": 1,
      "Legenda": 3,
      "Legendario": 1,
      "Leon": 1,
      "Leros": 2,
      "Lilek": 1,
      "Lilien": 2,
      "Limety": 1,
      "Lindt": 9,
      "Linteo": 12,
      "Lion": 1,
      "Lipton": 10,
      "Liptov": 6,
      "Lipánek": 1,
      "Listerine": 3,
      "Lišácké": 2,
      "Lock": 2,
      "London": 2,
      "Los": 1,
      "Losos": 2,
      "Lotus": 6,
      "Love": 3,
      "Lovepet": 19,
      "Loyd": 7,
      "Lucky": 1,
      "Ludwig": 9,
      "Lučina": 16,
      "Lybar": 1,
      "M&M's": 1,
      "MAGGI": 1,
      "MCT": 1,
      "Madeta": 72,
      "Maestro": 1,
      "Maggi": 8,
      "Magnesia": 8,
      "Magnum": 12,
      "Maille": 1,
      "Maison Castel": 1,
      "Majestic": 1,
      "Malibu": 1,
      "Maltesers": 1,
      "Malva": 4,
      "Mama": 1,
      "ManaDrink": 2,
      "Mango": 1,
      "Manka": 1,
      "Manner": 2,
      "Maoam": 1,
      "Maresi": 1,
      "Marilky": 3,
      "Marlboro": 3,
      "Marlenka": 4,
      "Marqués": 1,
      "Mars": 1,
      "Masna": 1,
      "Maso": 1,
      "Masso": 1,
      "Mattoni": 15,
      "Max": 1,
      "Maxi": 3,
      "Medokomerc": 1,
      "Medovník": 2,
      "Medvědí": 1,
      "Meggle": 5,
      "Mei": 1,
      "Meining": 1,
      "Meloun": 1,
      "Mentos": 6,
      "Menu": 2,
      "Merci": 2,
      "Metaxa": 4,
      "Michel": 1,
      "Michelské": 2,
      "Milano": 1,
      "Milka": 33,
      "Milko": 29,
      "Milkpol": 1,
      "Milo": 1,
      "Mini": 1,
      "Mionetto": 7,
      "Mirinda": 3,
      "Mississippi": 4,
      "Mistrovský": 3,
      "Mitia": 5,
      "Mixit": 6,
      "Mleté": 3,
      "Mlynářská": 2,
      "Mlékárna": 3,
      "Mlékárna Kunín": 33,
      "Mlýn": 1,
      "Mogador": 1,
      "Mon": 2,
      "Monini": 1,
      "Monster": 6,
      "Monteiro": 1,
      "Moravia": 4,
      "Moravíno": 1,
      "Mountain": 1,
      "Mozzarella": 1,
      "Moët": 1,
      "Mr": 1,
      "Mucha": 5,
      "Mulix": 1,
      "Mustang": 1,
      "Myia": 1,
      "Mysli": 1,
      "Máslo": 1,
      "Míša": 1,
      "Müller": 11,
      "Müllermilch": 3,
      "NUTRILON": 1,
      "Napoleon": 2,
      "Nashi": 1,
      "Natur": 3,
      "Natura": 2,
      "Nature": 1,
      "Nature's": 2,
      "Nature's Promise": 291,
      "Naturella": 8,
      "Nature’s": 5,
      "Nekton": 5,
      "Nerds": 1,
      "Nescafé": 19,
      "Nestea": 4,
      "Nestlé": 21,
      "Neutrogena": 1,
      "Nicolaus": 3,
      "Nivea": 36,
      "Nomina": 3,
      "Nominal": 2,
      "Norský": 1,
      "Nova": 1,
      "Nový": 3,
      "Nowaco": 15,
      "Nudl.p": 1,
      "Nuevo": 1,
      "Nugeta": 1,
      "Nutella": 2,
      "Nutrend": 7,
      "Nutrilon": 3,
      "Náhrobní": 1,
      "O.B": 5,
      "O.B.Extra": 1,
      "Odkolek": 3,
      "Odol": 4,
      "Okurka": 1,
      "Old": 8,
      "Olma": 49,
      "Olmeca": 1,
      "Omega": 2,
      "Ondoliva": 3,
      "Ondrášovka": 2,
      "Opavia": 58,
      "Opávia": 1,
      "Orbit": 2,
      "Oreo": 3,
      "Orient": 2,
      "Orion": 23,
      "Oshee": 2,
      "Ostravar": 1,
      "Otma": 5,
      "Ovocný": 1,
      "P&S": 1,
      "PEZ": 1,
      "Palette": 5,
      "Pally": 1,
      "Palmolive": 15,
      "Paloma": 1,
      "Pampers": 16,
      "Pantene": 6,
      "Panzani": 16,
      "Papita": 2,
      "Papriky": 1,
      "Parodontax": 3,
      "Party": 2,
      "Patak's": 3,
      "Patifu": 1,
      "Pattex": 1,
      "Paul": 3,
      "Paulaner": 1,
      "Pe-po": 1,
      "Pearl River Bridge": 4,
      "Pedigree": 10,
      "Pedro": 12,
      "Pejskar": 1,
      "Pektogel": 1,
      "Penam": 10,
      "Pepino": 4,
      "Pepsi": 8,
      "Pepř": 1,
      "Perfect Fit": 3,
      "Perla": 53,
      "Pernerka": 1,
      "Perrier": 2,
      "Persil": 9,
      "Perwoll": 1,
      "Petržel": 2,
      "Pez": 2,
      "Pfanner": 5,
      "Philadelphia": 1,
      "Physalis": 1,
      "Pickwick": 25,
      "Pilsner Urquell": 3,
      "Pita": 1,
      "Pizza": 2,
      "Plantation": 1,
      "Pletenec": 1,
      "Pochoutka": 2,
      "Poco": 2,
      "Podravka": 3,
      "Poděbradka": 5,
      "Polévková": 1,
      "Pom-Bär": 3,
      "Ponnath": 6,
      "Popstar": 1,
      "Porta": 1,
      "Pravé": 1,
      "Pražská": 2,
      "President": 2,
      "Pribináček": 9,
      "Prima": 4,
      "Primitivo": 1,
      "Primátor": 1,
      "Pringles": 5,
      "ProActiv": 1,
      "Probio": 1,
      "Product": 2,
      "Promise": 1,
      "Propesko": 1,
      "Prosecco": 2,
      "Protex": 1,
      "Proud": 1,
      "Président": 8,
      "Pur": 3,
      "Purina": 18,
      "Pór": 1,
      "Příborový": 1,
      "Quinoové": 1,
      "R": 4,
      "RC": 1,
      "RUF": 5,
      "Racio": 8,
      "Radegast": 4,
      "Radise": 1,
      "Raffaello": 2,
      "Raid": 2,
      "Rajec": 6,
      "Rajčata": 3,
      "Rama": 10,
      "Ramill": 4,
      "Rauch": 3,
      "Rebi-Dental": 2,
      "Red": 10,
      "Reisten": 1,
      "Rekord": 3,
      "Relax": 32,
      "Rex": 3,
      "Rexona": 8,
      "Ria": 3,
      "Rice Up": 3,
      "Ricola": 2,
      "Rio": 1,
      "Rio Mare": 10,
      "Riscossa": 2,
      "River": 2,
      "Robby": 3,
      "Roche": 3,
      "Rodinné": 4,
      "Rois": 2,
      "Roku": 1,
      "Ron": 2,
      "Rosické": 4,
      "Rothmans": 2,
      "Royal": 4,
      "Rummo": 2,
      "Rybex": 3,
      "Rybí": 4,
      "Rychtář": 1,
      "Rýžové": 2,
      "SOFTdent": 2,
      "STR8": 4,
      "Sam": 4,
      "San": 3,
      "Sanpellegrino": 3,
      "Santa": 5,
      "Sanytol": 8,
      "Sardelová": 1,
      "Savo": 10,
      "Scalini": 2,
      "Schauma": 5,
      "Schluckwerder": 1,
      "Schnitzer": 1,
      "Schwartau": 4,
      "Schwarzkopf": 4,
      "Schweppes": 2,
      "Schär": 12,
      "Sedita": 4,
      "Sedlčanský": 5,
      "Seeberger": 4,
      "Segafredo": 1,
      "Seko": 1,
      "Selezione": 1,
      "Semtex": 1,
      "Sensodyne": 5,
      "Seville": 3,
      "Sfinx": 3,
      "Shanshi": 1,
      "Sheba": 4,
      "Shelma": 3,
      "Signal": 2,
      "Silan": 4,
      "Sladidlo": 2,
      "Smetanito": 5,
      "Smetanový": 5,
      "Smile": 1,
      "Snaq": 1,
      "Snickers": 3,
      "Snico": 1,
      "Softe": 2,
      "Softé": 7,
      "Soj.nápoj": 1,
      "Solen": 1,
      "Solo": 1,
      "Solsanka": 2,
      "Somat": 7,
      "Sommelier": 20,
      "Spak": 4,
      "Sparta": 1,
      "Spokar": 7,
      "Spontex": 4,
      "Sprite": 3,
      "Sriracha": 1,
      "St. Dalfour": 2,
      "Starbucks": 11,
      "Starobrno": 2,
      "Staropramen": 4,
      "Stará": 3,
      "Stella": 2,
      "Storck": 1,
      "Strongbow": 3,
      "Strouhanka": 1,
      "Strouhaný": 1,
      "Strážnické": 3,
      "Sunar": 25,
      "Super": 2,
      "Surimi": 1,
      "Svijanský": 1,
      "Sweet'n'Fun": 1,
      "Syoss": 6,
      "Syrovátkový": 1,
      "Sůl": 1,
      "TTD": 1,
      "Taft": 5,
      "Tany": 2,
      "Tarapacá": 5,
      "Targa": 1,
      "Tassimo": 4,
      "Tatra": 29,
      "Tchibo": 12,
      "TePe": 5,
      "Teekanne": 16,
      "Templářské": 5,
      "Tena": 3,
      "Tento": 5,
      "Terra": 1,
      "Thomas": 3,
      "Tic": 2,
      "Tiger": 4,
      "Tini": 2,
      "Tipafrost": 1,
      "Toamo": 3,
      "Toblerone": 2,
      "Toffifee": 1,
      "Top": 1,
      "TopNatur": 4,
      "Trapiche": 2,
      "Tri": 2,
      "Trolli": 2,
      "TropiCane": 2,
      "Tuc": 7,
      "Tullamore": 3,
      "Tuňáková": 1,
      "Tuňákový": 1,
      "Tvaroháček": 1,
      "Twix": 3,
      "Uniferm": 1,
      "Uzeniny": 1,
      "VARTA": 2,
      "Vademecum": 2,
      "Vaječný": 2,
      "Valašská": 1,
      "Vanish": 1,
      "Varmuža": 1,
      "Velkopopovický Kozel": 5,
      "Velo": 2,
      "Vepy": 3,
      "Vepřové": 2,
      "Vepřový": 1,
      "Veselá": 7,
      "Vi": 1,
      "Viennetta": 2,
      "Vigo": 1,
      "Vileda": 3,
      "Villa Garducci": 1,
      "Vimi": 1,
      "Vimixa": 1,
      "Vina": 5,
      "Vinařství": 2,
      "Vincentka": 1,
      "Vinea": 1,
      "Vinofol": 2,
      "Vinselekt": 2,
      "Violife": 3,
      "Vitacup": 2,
      "Vitakraft": 2,
      "Vital": 1,
      "Vitali": 1,
      "Vitana": 76,
      "Vittel": 2,
      "Vitto": 3,
      "Viu": 1,
      "Viva": 9,
      "Viña": 1,
      "Viňa": 7,
      "Vladimír": 1,
      "Vlčnovský": 1,
      "Vodňanská": 1,
      "Vodňanské": 2,
      "Volfas": 3,
      "Vrbátky": 3,
      "Víno": 6,
      "Výrobek": 1,
      "Vývrtka": 1,
      "WC": 1,
      "Wasa": 2,
      "Werther's": 1,
      "Whiskas": 11,
      "Wilkinson": 3,
      "Winston": 1,
      "Woolite": 1,
      "World's Market": 16,
      "World´s Market": 3,
      "World‘s Market": 2,
      "World’s Market": 8,
      "Wrigleys": 9,
      "YO": 6,
      "YoPRO": 8,
      "Yum": 5,
      "YumEarth": 2,
      "Zacapa": 1,
      "Zanetti": 2,
      "Zapékací": 1,
      "Zewa": 6,
      "Zlatopramen": 6,
      "Zlatá": 1,
      "Zlatý": 5,
      "Zlomek": 1,
      "Zlomek&Vávra": 3,
      "Znojmia": 1,
      "Zott": 18,
      "Zwan": 1,
      "Zámecké": 2,
      "Zátkovy": 3,
      "Ölz": 5,
      "Čekankový": 1,
      "Čerstvé": 2,
      "Česká chuť": 75,
      "Český": 3,
      "Česnek": 1,
      "Čokorolka": 1,
      "Čočkové": 1,
      "ĽOréal": 1,
      "Ředkvičky": 2,
      "Řepa": 2,
      "Šalotka": 1,
      "Šumavský": 3,
      "Šťáva": 1,
      "Žampiony": 2,
      "Žluva": 1
    }
  }
}